2070 2740
568 190 605 233 C
715 191 756 230 A
867 189 899 230 P
1013 189 1057 230 V
1175 191 1213 233 T
1381 191 1519 234 VIII.
1705 206 1781 245 159

257 307 596 351 vaticinaretur.„
643 303 722 345 Sed
745 306 832 355 quis
855 304 912 343 illi
937 302 1067 348 dabit,
1099 302 1268 344 habenda
1285 316 1431 352 verax,
1461 315 1622 353 notare,
1653 319 1777 349 verax

257 361 517 418 habitafuit?
548 362 650 416 Quis
667 361 772 402 feret
789 362 938 401 hiatum
950 387 962 406 ‚
992 371 1105 412 neque
1122 359 1198 399 Ilia
1210 361 1229 399 ?
1259 360 1452 401 sententia
1468 363 1660 414 postulat:

483 456 599 497 Certa
615 455 763 507 loquor,
785 450 858 505 sed
872 451 976 491 nulla
986 449 1096 505 fides.
1128 465 1203 493 nec
1221 453 1371 493 credita
1388 453 1572 506 quondam

539 511 585 552 V
579 523 671 551 erax
688 508 909 561 Pergameis
926 507 1095 550 Phoebas
1110 509 1280 550 habenda
1297 511 1416 550 malis.

256 619 310 660 ita
325 626 483 660 veteres
501 614 551 655 de
571 611 779 654 Cass'andra
796 614 1028 665 loquuntur.
1094 611 1284 666 Virgilius
1299 615 1402 656 Aen.
1424 628 1471 663 ῃ,
1493 626 1586 667 247.

482 713 585 756 Tunc
601 715 713 756 etiam
722 712 829 767 fatis
845 715 970 768 aperit
989 710 1200 769 Caffandra
1209 710 1365 766 futuris

480 773 583 821 Ora,
614 771 692 812 Dei
703 771 807 827 juffu
823 784 906 811 non
923 783 1098 822 unquam
1114 770 1264 810 credita
1285 769 1450 810 Teucris.

253 871 324 912 ubi
339 883 379 911 v.
402 869 537 911 Cerda.
598 869 714 911 Haec
731 879 864 911 autem
881 867 1132 921 conjetstura,
1163 878 1264 920 quae
1279 867 1378 908 mihi
1394 866 1608 908 videbatur
1626 866 1775 914 audax,

253 928 292 968 &
309 941 400 969 cum
424 928 616 968 sexcentis
639 928 722 967 aliis
739 929 779 967 in
797 939 945 966 annum
962 938 1116 965 nonum
1131 925 1370 978 premenda,
1401 924 1501 966 felix
1518 925 1646 965 amico
1664 924 1775 965 vide-

254 986 393 1032 batur,
425 985 486 1037 cuj
493 997 535 1025 us
549 984 702 1036 judicio
718 984 936 1036 plurimum
953 983 1099 1023 tribuo.

252 1103 326 1138 ΧΠ,
350 1103 364 1130 1
379 1104 412 1130 1.

480 1197 638 1248 Gyrum
662 1195 791 1249 pulsat
808 1197 929 1249 equi5‚
958 1196 1109 1236 niveum
1125 1194 1226 1235 latus
1243 1193 1322 1247 ense
1339 1195 1527 1242 revincit,

535 1252 830 1306 Virgineumque
847 1265 938 1294 cavo
953 1252 1143 1305 praetegit
1160 1263 1246 1292 aere
1263 1258 1387 1304 caput.

253 1359 510 1417 Paffiratius:
555 1388 584 1408 „
601 1359 758 1402 Mirum
775 1372 899 1415 genus
916 1359 1134 1410 loquendi,
1161 1357 1290 1412 pulsat
1304 1370 1443 1412 gyrum
1460 1358 1581 1411 equis,
1598 1368 1673 1409 pro
1689 1357 1777 1410 pul-

255 1419 376 1460 sando
401 1419 439 1458 ἀ
463 1418 716 1459 verberando
742 1419 851 1472 cogit:
873 1418 914 1456 in
937 1429 1077 1471 gyrum
1099 1414 1217 1456 fleffl.
1278 1416 1346 1456 An
1365 1415 1420 1456 est
1436 1415 1666 1467 hypallage,
1704 1425 1779 1466 pro

256 1488 361 1529 equos
378 1473 508 1528 pulsat
529 1487 647 1528 gyro,
678 1475 836 1527 inpellit
860 1474 897 1514 &
921 1474 1061 1514 incitat
1087 1475 1127 1513 in
1152 1484 1307 1526 gyrum.
1333 1481 1415 1512 vet.
1441 1473 1510 1511 lib.
1527 1483 1646 1524 gyro,
1678 1483 1777 1523 equo.

255 1535 345 1580 An,
374 1544 471 1584 gyro
488 1530 619 1584 pulsat
641 1533 776 1584 equos?
805 1530 843 1570 &
854 1529 1005 1584 pulsat,
1035 1542 1109 1582 pro
1125 1530 1310 1582 pellit?‚,
1347 1530 1402 1569 ita
1417 1527 1645 1568 fiuffliabat.
1682 1526 1780 1566 Vul-

251 1590 339 1644 pius
361 1597 513 1629 autem:
542 1599 681 1641 gyrum
702 1587 831 1639 pulsat
855 1588 978 1638 equis.
1004 1598 1148 1638 nempe
1168 1598 1373 1638 campum,
1405 1587 1446 1625 in
1463 1597 1543 1636 quo
1560 1583 1778 1624 fleetebant

256 1645 294 1686 &
310 1646 547 1686 exercebant
563 1656 709 1695 equos,
727 1644 1052 1696 hippodromum.
1073 1671 1102 1690 „
1134 1642 1211 1682 Sed
1230 1644 1316 1693 quis
1333 1644 1387 1682 ita
1403 1643 1562 1683 locutus
1579 1640 1662 1682 est?
1689 1641 1776 1692 quis

255 1714 393 1757 gyrum
409 1701 573 1743 vocavit
589 1699 916 1753 hippodromon?
946 1700 1036 1754 Ego
1053 1699 1205 1740 dudum
1223 1701 1396 1740 correxi:

482 1805 630 1846 Circum
645 1805 774 1858 pulsat
789 1805 920 1857 equis;

255 1925 301 1957 ut
320 1913 486 1957 Ovidius
503 1915 595 1955 Am.
613 1913 689 1965 III²
706 1925 776 1961 xv,
799 1925 813 1952 1
825 1915 861 1954 8.

559 2019 754 2060 Pulsanda
770 2017 826 2060 est
842 2015 978 2066 nostris
994 2028 1081 2058 area
1100 2016 1222 2071 major
1238 2015 1360 2066 equis.

258 2110 354 2153 Hoc
371 2108 532 2161 quidem
548 2107 738 2160 loquendi
755 2118 876 2161 genus
895 2117 916 2144 a
933 2104 1133 2157 superiore
1154 2103 1310 2149 differt,
1342 2100 1451 2151 quod
1476 2100 1516 2139 in
1542 2101 1611 2140 illo
1628 2100 1775 2141 Lacae-

256 2182 307 2211 na
325 2169 460 2208 circum
471 2164 600 2219 pulsat
616 2166 741 2219 equis,
769 2166 809 2204 in
827 2164 904 2204 hoc
920 2162 1002 2215 equi
1013 2160 1168 2215 pulsant
1184 2160 1311 2200 aream
1320 2171 1335 2207 ,-
1353 2157 1420 2197 sed
1435 2157 1625 2198 similibus
1643 2167 1774 2199 tamen

258 2227 450 2281 pxobatur
478 2221 628 2263 Valerii
649 2220 778 2263 Flacci
800 2233 813 2260 1
829 2233 842 2260 1
857 2232 893 2268 1,
926 2230 992 2259 20.

1082 2327 1205 2337 —-

481 2312 689 2365 Dindyma

1670 2395 1776 2446 thstf.
