2070 2740
310 134 394 167 202
522 111 1635 162 EMENDATIONVM

961 232 1062 274 vocts
1077 230 1284 275 horrendae
1293 230 1441 287 fragor

598 291 677 334 Per
692 298 803 333 terna
819 287 943 347 maffus
958 301 1048 339 ora;

313 351 373 399 ἃ,
591 406 823 448 Latrantem
840 401 1045 458 inferibus
1058 410 1127 456 per
1145 403 1226 445 tria
1246 399 1371 456 rostra
1390 414 1536 444 canem:

316 513 416 555 quae
447 501 527 542 duo
558 502 646 542 loca
673 508 862 553 putantur
893 498 1043 553 Heinfii
1064 497 1219 541 firmare
1246 499 1546 542 correctionem.
1619 497 1699 539 Sed
1722 498 1826 540 inter

313 560 436 606 haec,
468 558 505 598 &
522 559 648 605 inter,
680 555 786 598 edere
800 565 870 610 per
889 569 958 598 ora
976 564 1110 604 terna,
1140 556 1285 597 differt.
1354 557 1487 611 Quam
1509 556 1676 597 ridicule
1693 563 1826 596 autem

316 616 366 657 de
390 627 472 655 uno
497 614 675 655 Cerbero
698 611 866 662 dicitur,
896 612 997 667 esuri
1022 621 1133 654 terna
1156 621 1311 666 perora
1329 614 1457 654 canes!
1486 612 1597 667 Quid
1620 623 1718 653 vero
1734 610 1826 652 ede·

315 672 432 712 rent?
461 684 510 711 an
528 671 774 712 Herculem?
802 670 1021 713 Praestaret
1041 670 1231 724 scriptura
1255 668 1441 711 Puteanei
1457 669 1627 718 codicis,
1654 666 1828 722 haesuros

318 739 430 769 terna
445 739 516 780 per
533 739 602 769 ora
619 739 748 768 canes.

371 785 576 825 Praeterea
605 786 734 831 votis,
772 783 811 824 &
831 783 1033 837 pecudum
1057 782 1166 825 fibris
1195 783 1339 825 mulier
1362 784 1497 835 inepte
1520 781 1680 825 videtur
1703 782 1824 824 inter-

314 852 485 895 ponere,
517 839 704 893 sejactari

542 933 648 974 Inter
656 932 868 988 serpentes,
897 942 1098 988 aprosque,
1118 933 1319 988 avidosque
1334 933 1470 980 leones,

710 987 760 1036 ἐξ
777 989 898 1044 eficros
914 998 1023 1031 terna
1034 1000 1106 1044 per
1122 1004 1188 1032 ora
1209 1002 1335 1031 canes:

318 1100 416 1139 quae
438 1088 576 1127 melius
595 1085 683 1138 post
704 1086 832 1128 somni
856 1088 1060 1129 fimulacra
1083 1088 1323 1141 legerentur.
1381 1084 1537 1126 Auel-„ox
1560 1083 1664 1124 enim
1680 1084 1825 1136 proba-

320 1146 357 1186 bi
364 1146 451 1184 liter
468 1144 514 1183 ad
531 1143 679 1183 somnia
696 1144 854 1192 retulit3
885 1155 965 1194 quo
981 1143 1134 1184 diversa
1148 1142 1270 1184 lestio
1289 1143 1422 1188 ducit,

768 1233 888 1289 esuros
905 1248 1026 1278 cerno
1039 1245 1112 1292 per
1126 1250 1194 1280 ora
1212 1248 1330 1278 canes.

320 1332 521 1374 Postremo
544 1330 727 1388 monstra,
756 1331 859 1371 inter
875 1339 974 1381 quae
989 1328 1182 1370 Deianira
1204 1327 1244 1370 se
1256 1326 1392 1381 jactari
1408 1331 1612 1382 queritur,
1641 1340 1732 1374 ante
1747 1333 1828 1377 hoe

320 1400 497 1441 tempus,
522 1399 639 1440 atque
658 1388 760 1428 adeo
775 1388 930 1441 nuptias
948 1386 1052 1438 ejus,
1075 1387 1124 1426 ab
1141 1385 1320 1426 Hercule
1339 1386 1522 1429 confecta
1541 1388 1759 1433 traduntur.
1783 1403 1824 1433 v.

328 1445 494 1498 Apollod.
518 1446 573 1493 ΙΙ,
591 1458 669 1494 vn,
689 1449 729 1492 6,
750 1457 787 1496 7.
848 1443 984 1484 Seneca
1000 1442 1055 1483 H.
1071 1442 1115 1483 F.
1135 1443 1213 1482 alii.

378 1503 512 1553 ltaque
528 1502 718 1542 delendos
735 1501 877 1542 censeo
894 1499 1029 1540 versus
1047 1511 1069 1539 a
1083 1499 1289 1540 nebulone
1304 1498 1419 1541 Ηὸὶοε
1437 1512 1487 1544 ex
1501 1505 1571 1552 61,
1584 1506 1652 1556 87,
1667 1514 1741 1557 95,
1749 1515 1829 1558 93²

548 1600 664 1697 Inqctfe
679 1611 792 1697 <Zanes
809 1597 960 1641 totidem
977 1607 1108 1640 trunco
1124 1596 1282 1653 digestus
1299 1599 1346 1641 ab
1364 1600 1435 1642 imo

639 1670 679 1697 er
705 1669 801 1696 erus.

326 1751 435 1795 Huic
451 1760 582 1792 autem
597 1750 837 1805 praecedens
855 1751 1106 1791 occasionem
1129 1749 1302 1805 fingendi
1319 1750 1463 1793 dedifl‘e
1486 1751 1668 1802 videtur,

607 1845 873 1903 Monstraque,
903 1848 1094 1889 terribiles
1102 1846 1408 1902 persequiturque
1415 1845 1542 1902 feras.

329 1952 374 1992 iis
397 1960 493 1990 vero
516 1949 693 1989 verfibus
718 1946 881 1995 deletis,
921 1956 1021 1998 quae
1043 1947 1221 1990 veritatis
1245 1955 1340 1987 nota
1361 1956 1545 2001 putatur,
1578 1958 1667 2003 apte
1686 1949 1832 1991 caeteri

331 2008 566 2050 cohaerent:

561 2096 637 2139 Vir
653 2096 743 2137 mihi
750 2095 897 2150 semper
912 2094 1037 2151 adest,·
1072 2094 1121 2143 ἐξ
1140 2097 1288 2151 conjuge
1310 2098 1430 2138 notior
1449 2099 1572 2151 hospes

612 2152 878 2208 Monstraque,
908 2153 1094 2195 terribiles
1105 2153 1412 2208 persequiturque
1421 2151 1547 2206 seras.

558 2210 646 2265 Ipsa
664 2210 765 2251 domo
784 2208 905 2250 vidud
915 2238 927 2257 ,
959 2211 1058 2251 votis
1077 2218 1228 2263 operata
1243 2209 1408 2263 pudicis,

621 2265 827 2320 Torqueor,
858 2264 992 2322 irffqsto
1007 2279 1051 2309 ne
1069 2267 1136 2309 vir
1153 2268 1201 2309 ab
1215 2264 1310 2322 hoste
1331 2265 1453 2308 cadat.
1770 2320 1830 2364 Μ

925 2356 931 2364 .
1822 2335 1841 2364 e

2048 2146 2070 2582 *-·--‘„==n-.nmmmt
2056 1903 2070 2111 amum
2060 1832 2065 1839 -
2062 1787 2067 1800 -
