2070 2740
543 184 743 227 ch
825 186 913 227 P
971 185 1012 225 v
1094 184 1161 226 *T
1330 184 1378 226 X.
1669 197 1742 245 193

232 296 432 350 praeclare
450 298 621 341 correxit
636 297 714 339 hoc
731 296 871 338 modo:
916 314 919 316 ·

515 391 678 444 Jamque
695 399 800 431 tuum
817 387 916 428 mihi
933 385 1000 428 das
1014 398 1086 440 pro
1105 388 1183 427 lare
1194 414 1206 435 ,
1238 385 1355 429 Ponte
1366 414 1377 435 ‚
1399 387 1518 441 solnm
1530 391 1549 428 P

289 481 356 522 Sic
372 480 427 529 V,
449 496 476 529 1,
503 492 565 532 15.

457 573 623 614 Delicias
633 572 670 626 fi
687 573 768 627 quis
782 571 993 627 lascivaque
1011 573 1179 614 carmina
1198 574 1368 626 quaerit,

516 629 782 682 [praemoneo
795 656 806 676 ,
837 641 1040 680 nunquam
1058 629 1196 683 scripta
1212 629 1320 680 quod
1335 629 1405 670 ista
1422 631 1536 683 legat.

459 686 600 739 Aptior
618 686 712 726 huic
732 686 892 733 Gallus,
927 685 1138 736 blandique
1153 687 1380 738 Propertius
1404 689 1482 728 oris
1492 686 1528 739 ‚]

515 742 680 796 Aptior,
710 742 894 794 ingenium
916 754 1027 788 come,
1065 741 1229 783 Tibullus
1247 742 1333 782 erit.

233 834 283 876 ad
306 847 346 879 v.
379 838 440 880 16.
465 835 566 878 hanc
598 834 779 888 apposuit
809 844 962 876 notam:
1003 863 1033 883 „
1051 835 1184 877 versus
1217 836 1282 877 hic
1307 837 1405 877 mihi
1426 821 1501 890 pro
1532 835 1733 878 Ovidiano

233 904 317 932 non
334 891 412 938 est,
446 902 490 932 ut
503 905 578 933 nee
595 893 683 939 ille,
716 894 784 943 qui
800 904 896 933 mox
911 892 1137 942 sequium„
1167 894 1221 932 At
1245 891 1449 946 Wthofius
1467 908 1506 947 p.
1533 905 1622 943 141.
1646 904 1734 933 ver-

234 947 317 989 sum
343 948 561 999 trajiciens,
599 947 636 986 &
661 949 827 989 alterum
844 976 856 996 ‚
876 960 994 999 quem
1010 949 1093 989 fine
1116 947 1242 989 cauffa
1265 948 1487 998 damnavit,
1515 950 1734 1002 recipiens,

233 1004 514 1046 admirabiliter
528 1004 718 1046 restituit:

511 1099 677 1142 Delicias
683 1099 721 1153 st
735 1101 817 1154 quis
832 1100 1043 1155 lascivaque
1060 1101 1225 1142 carmina
1242 1103 1415 1154 quaerit,

568 1157 734 1209 Aptior,
765 1157 966 1209 ingenium
985 1168 1124 1204 come,
1156 1158 1340 1198 Tibullus
1357 1160 1444 1199 erit.

515 1213 661 1264 Aptior
678 1213 771 1252 huic
789 1213 926 1252 Gallus
938 1239 950 1258 ‚
981 1213 1193 1262 blandique
1209 1214 1438 1266 Propertius
1457 1215 1557 1262 oris,

572 1269 734 1319 Totque
753 1269 840 1315 alii,
874 1280 1044 1318 quorum
1058 1270 1220 1308 nomina
1237 1282 1374 1322 magna
1388 1271 1537 1323 vigent.

515 1322 645 1377 Atque
660 1325 803 1365 utinam
822 1337 969 1365 numero
985 1337 1028 1364 ne
1043 1337 1104 1364 nos
1121 1323 1266 1380 effemus
1282 1326 1320 1365 in
1339 1326 1427 1367 illo!

233 1425 235 1428 ⁴
290 1421 464 1463 Gravius
488 1429 619 1462 autem
647 1420 771 1473 lapsus
796 1419 874 1466 est,
912 1420 1019 1471 quod
1045 1420 1220 1462 censoria
1244 1430 1339 1462 nota
1362 1421 1567 1463 damnavit
1585 1450 1597 1471 ‚
1638 1433 1737 1475 quos

237 1478 317 1531 ipse
334 1479 521 1526 *carminis
547 1487 756 1520 contextus
780 1476 884 1517 haud
911 1475 987 1517 effe
1010 1477 1253 1519 damnandos
1282 1477 1428 1520 docere
1449 1479 1660 1532 potuiffet;
1696 1487 1739 1518 ut

232 1535 407 1576 ¹Hero'id.
424 1534 508 1581 xiv5
535 1545 623 1584 105.
791 1543 793 1546 ⁴
984 1539 987 1543 ’

458 1627 614 1673 Inachi,
646 1634 906 1682 quo-properas
917 1628 941 1681 2
966 1626 1088 1667 eadem
1097 1626 1335 1683 sequerisque
1348 1626 1539 1684 fugisque⁴

519 1682 575 1723 Tu
592 1683 663 1723 tihi
682 1681 758 1724 dux
776 1684 920 1723 comiti:
949 1691 990 1723 tu
1008 1696 1116 1723 comes
1135 1683 1212 1737 ipsa
1239 1684 1335 1725 duci.

462 1738 540 1779 Per
546 1736 686 1792 septem
709 1737 824 1779 Nilus
838 1746 970 1792 portus
986 1737 1126 1795 emiffus
1142 1741 1180 1779 in
1195 1752 1331 1794 aequor

514 1794 636 1836 Exuit
667 1792 814 1847 insanae
838 1795 979 1848 pellicis
1003 1808 1068 1835 ora
1095 1796 1192 1836 hovi.

458 1851 633 1904 [Ultima
649 1851 743 1902 quid
761 1850 890 1892 refero
901 1879 913 1898 ‚
943 1864 1112 1903 quorum
1131 1853 1227 1893 mihi
1243 1865 1338 1893 cana
1354 1852 1534 1895 seneftus

439 1907 443 1910 ’
511 1906 693 1948 Αιιόὶοτὶἓ
723 1907 817 1946 dant
839 1909 952 1956 anni,
986 1909 1093 1959 quod
1110 1921 1271 1960 querar,
1302 1921 1419 1957 ecce,
1451 1911 1565 1965 mei]

460 1963 566 2004 Bella
579 1971 693 2015 pater
704 1970 938 2017 patruusque
956 1973 1114 2016 gerunt:
1143 1977 1324 2018 regnoque
1346 1965 1515 2020 domoque

520 2019 715 2060 Pellimur.
734 2019 860 2074 ejeft'os
877 2021 1027 2061 ultimus
1044 2022 1142 2063 orbis
1156 2022 1289 2062 habet:

232 2128 325 2158 ,nam
348 2114 377 2154 fi
401 2111 617 2158 distichon,
650 2111 769 2164 [109,
800 2111 913 2164 110.]
947 2114 983 2152 ei
1013 2126 1134 2160 „non
1160 2129 1242 2156 uno
1265 2117 1427 2158 nomine
1442 2116 1687 2170 suspeuum,
1706 2147 1735 2168 „

236 2175 392 2215 demas,
423 2179 579 2209 carmen
595 2169 724 2207 minus
750 2177 838 2219 apte
857 2169 1095 2210 cohaerebit.

290 2226 408 2278 Pejus
425 2233 553 2265 autem
572 2224 844 2263 cohaerebunt
857 2225 993 2266 ultima
1010 2227 1205 2277 sequentis
1224 2228 1410 2280 epistolae
1430 2229 1521 2284 [xv,
1543 2232 1679 2285 211.]:

464 2279 553 2319 Sive
568 2279 689 2326 redis,
714 2281 900 2333 puppique
916 2290 1002 2322 time
1021 2284 1156 2324 votiva
1167 2292 1363 2337 parantur

521 2332 715 2385 Manena
745 2336 837 2389 quid
852 2338 1160 2393 lacerasipeetora
1178 2340 1301 2397 nostra
1317 2343 1448 2384 mora?

1012 2396 1043 2435 Β
1054 2397 1078 2437 b
1635 2401 1745 2444 Solve
