2070 2740
245 218 291 250 12
425 193 1546 247 EMENDATI‘ONVM

497 322 690 368 Bellatore
705 325 838 381 sedens
863 333 1067 367 curvatum
1096 325 1226 382 hastile
1249 329 1419 368 minatur

501 383 685 432 Emiuus,
716 381 766 430 ξεῖ
780 381 916 438 statua
940 382 1148 425 meditatur
1166 385 1317 439 praelia
1342 385 1456 425 lusca.

243 479 283 521 &
305 477 473 520 Statium
497 477 628 519 Theb.
662 488 698 523 1,
725 477 819 527 385.

1007 530 1227 586 tandemque
1254 531 1403 586 reclusis

513 587 696 642 Inferna·
715 589 849 643 portis.
881 588 1047 629 astutum
1071 589 1177 640 regia
1200 590 1318 629 ceruit

521 646 566 686 V
561 645 724 701 estibula.
756 646 814 685 hic
837 651 946 684 artus
968 645 1109 692 imbri,
1147 653 1327 698 ventoque
1351 645 1514 696 rigentes

518 701 686 755 Projicit
701 729 713 748 ‚
751 702 968 752 ignotaeque
992 701 1142 739 acclinis
1160 700 1324 755 postibus
1345 701 1453 742 aulae

514 758 669 798 Invitat
693 765 836 798 teneros
858 754 910 796 ad
931 754 1030 796 dura
1054 755 1190 796 cubilia
1203 755 1360 810 somnos.

308 828 444 869 Carm.
476 838 609 873 van,
641 838 708 876 31.

522 893 622 950 ,Quis
645 901 680 933 te
703 893 871 932 mutavit
895 901 1026 932 tantus
1049 889 1185 931 Deus?

255 964 400 1019 Quivis
425 963 626 1017 corrigat,
664 969 825 1001 tautum.
862 959 1051 1012 Virgilius
1074 959 1179 998 Aen.
1205 972 1253 1006 11,
1280 970 1376 1010 274.

550 1086 573 1125 I
707 1086 718 1114 Ι
762 1036 956 1080 quantum
978 1035 1152 1068 mutatus
1184 1026 1231 1067 ab
1254 1026 1318 1068 illo

520 1087 549 1127 I
569 1087 710 1127 efflare.

256 1168 378 1210 quem
408 1153 587 1196 Valerius
610 1153 767 1195 Flaccus
790 1154 966 1194 imitatur
991 1163 1050 1200 ιν,
1077 1153 1172 1204 398.

520 1244 683 1302 Qualis,
714 1241 764 1290 &⁹
781 1256 804 1284 a
816 1242 944 1297 prima
961 1248 1154 1292 quantum
1170 1247 1319 1281 mutata
1328 1238 1494 1295 juvenca
1509 1238 1527 1280 Ι

262 1337 348 1392 Ipse
378 1334 550 1377 Catullus
572 1347 675 1382 xxm,
711 1347 773 1374 11.

770 1411 927 1467 tantum
949 1425 1129 1467 abhorret
1144 1452 1157 1473 ‚
1195 1435 1239 1465 ac
1262 1431 1403 1464 mutat.

321 1513 401 1555 Sed
431 1515 657 1554 omittamus
689 1511 740 1552 de
770 1513 933 1552 minutis
966 1511 1129 1558 dicere,
1176 1511 1214 1550 &
1237 1511 1359 1562 majus
1385 1509 1574 1551 mendum
1599 1513 1784 1554 tollamus

265 1583 316 1612 ex
349 1573 526 1624 elegante
552 1571 589 1609 &
609 1568 748 1620 jocoso
771 1570 974 1615 carmine,
1020 1566 1130 1617 quod
1157 1565 1303 1607 Catullo
1332 1565 1525 1607 Viftorius
1547 1566 1590 1605 V
1591 1581 1642 1608 ar.
1669 1568 1786 1609 Lest.

266 1640 342 1673 xm,
376 1640 412 1678 3.
451 1627 618 1673 tribuit,
671 1625 709 1664 &
739 1636 832 1665 eum
862 1624 986 1665 secuti
1018 1621 1226 1670 Muretus,
1273 1623 1311 1663 &
1341 1621 1393 1676 Is:
1432 1622 1579 1676 Vosflus
1608 1637 1648 1678 p.
1691 1636 1786 1677 344.

269 1684 404 1737 Vulgo
430 1684 572 1737 legitur
596 1694 635 1722 v.
665 1691 702 1731 5.

522 1766 657 1820 Ilujits
679 1777 766 1805 nam
790 1762 928 1805 domiui
951 1764 1072 1806 colunt
1094 1777 1170 1814 ine,
1213 1763 1407 1820 Deumque
1420 1765 1598 1821 salutant

527 1822 717 1875 Pauperis
740 1819 876 1872 tuguri
893 1829 1008 1873 pater
1026 1819 1204 1875 filiusque
1224 1823 1367 1864 coloni:

529 1879 648 1918 Alter
671 1876 818 1929 assidua
842 1877 957 1916 colens
981 1876 1176 1929 diligentia
1193 1905 1206 1925 ‚
1244 1885 1286 1918 ut
1309 1879 1426 1919 herba

530 1931 698 1986 Duiuosa
714 1960 726 1979 ‚
765 1931 967 1984 asperaque
991 1945 1014 1971 a
1038 1946 1111 1974 meo
1128 1933 1181 1987 fit
1203 1942 1345 1975 remota
1359 1934 1520 1988 sacello:

529 1989 649 2030 Alter
667 1998 799 2042 parva
815 1986 852 2041 s
848 2001 952 2028 erens
973 2002 1084 2030 mauu
1105 1990 1259 2044 semper
1281 2004 1434 2032 munera
1453 1991 1578 2043 larga.

284 2098 373 2128 cum
395 2082 526 2136 Priapi
547 2083 672 2123 verba
694 2080 891 2134 postrema
914 2081 1147 2137 corrigenda
1169 2083 1245 2124 fint
1267 2083 1345 2124 hoc
1366 2080 1488 2124 modo
1507 2097 1518 2123 ε

508 2172 643 2213 -Alter
660 2181 792 2227 parva
808 2172 944 2228 ferens
965 2187 1076 2216 mauu
1099 2174 1213 2230 saepe
1236 2189 1391 2217 numera
1415 2175 1538 2227 larga.

290 2265 354 2305 Sic
386 2264 490 2303 enim
522 2261 674 2314 semper
705 2265 744 2303 in
777 2264 919 2305 talibus
952 2265 1171 2316 loquuntur
1211 2265 1450 2318 scriptores,
1494 2273 1540 2304 ut
1576 2261 1802 2316 Propertius

292 2321 366 2368 IV,
395 2333 450 2366 iv,
478 2332 541 2368 23.
576 2316 742 2359 Ovidius
767 2319 866 2362 Fast.
894 2333 952 2369 IV,
979 2325 1073 2373 726.
1109 2319 1292 2362 Lucanus
1315 2335 1374 2370 vi,
1401 2333 1494 2373 709.
1519 2318 1724 2360 Martialis
1745 2319 1799 2368 X,

289 2391 390 2425 κου,
408 2388 445 2428 7.
480 2375 706 2429 Calpurnius
728 2375 816 2418 Ecl.
835 2390 884 2427 11,
903 2380 968 2419 62.
1004 2374 1194 2431 Virgilius
1211 2379 1311 2420 Ciris
1328 2392 1366 2421 v.
1385 2389 1454 2429 94;
1472 2377 1509 2420 ὁὶ
1527 2389 1620 2430 523·

923 2454 926 2456 -
996 2454 1007 2458 -
1711 2443 1801 2474 uam
