2070 2740
326 175 1629 234 184;EM1EN:DAT'ION3VM

317 306 406 335 nam
429 290 549 346 Vosfii
565 292 665 332 liber
689 291 830 337 habet,
862 291 996 346 leniae.
1057 291 1136 333 Sed
1160 295 1316 334 inventi
1331 294 1456 348 gloria
1472 294 1640 336 debetur
1655 296 1744 335 viro
1760 288 1831 336 do-

318 349 500 397 &iffimm
532 348 641 401 cujus
666 346 894 400 comes-‘lura
917 359 1159 391 memoratur
1174 352 1214 393 in
1231 349 1361 392 Elect.
1379 351 1503 392 Eton.
1523 352 1621 404 Maj.
1641 365 1681 405 p.
1706 353 1796 402 184.

376 453 428 492 ib.
460 463 527 502 97.

537 549 647 591 Ilaec
663 547 714 603 est
724 547 884 602 feminei
899 561 1033 591 merces
1050 558 1219 591 extrema
1236 552 1440 604 triumphi,

595 605 758 656 Laudat
776 607 839 647 uhi
855 608 1064 648 emeritum
1079 606 1326 659 liberafama
1341 608 1494 663 rogu'm.

323 712 469 764 Rogant
488 708 723 764 Passeratius
740 711 932 762 explicat,
963 721 1093 750 manes
1105 737 1116 756 ‚
1148 719 1366 751 mortuam:
1403 711 1501 751 mihi
1518 711 1719 752 blanditur
1733 712 1833 752 anti-

322 770 492 821 quiffima
509 766 758 823 conjectura,
790 779 906 818 quam
925 779 1014 807 cum
1031 767 1211 819 plurimis
1228 768 1554 807 communicavi:-

596 865 759 909 Laudat
775 869 838 916 ubi
855 870 1063 910 emeritum
1079 870 1199 910 libera
1210 867 1327 923 fama
1345 879 1498 912 torum:

322 968 405 1010 five
421 967 548 1019 capias
563 978 638 1019 pro
662 967 850 1024 conjugio
862 995 874 1015 ,
900 969 982 1009 five
1001 968 1189 1022 conjuge:
1210 976 1316 1009 torus
1333 971 1439 1010 enim
1456 969 1689 1020 frequenter
1703 982 1726 1011 a
1739 971 1837 1025 9οὲ-

322 1026 371 1064 tis
397 1025 468 1064 hac
493 1024 688 1075 potestate
713 1027 888 1075 ponitur.
913 1037 953 1066 v.
980 1023 1115 1077 Heius:
1143 1025 1191 1064 ad
1218 1024 1338 1066 ovid.
1364 1026 1465 1068 Her.
1489 1038 1576 1074 xm,
1599 1040 1690 1068 100.
1749 1028 1837 1082 Ipse

323 1079 551 1134 Propertius
567 1081 641 1128 111,
658 1093 698 1128 x,
721 1083 757 1120 6.
1647 1108 1651 1112 .

584 1174 658 1218 ,Et
673 1167 839 1230 'qui5qu'1's
846 1172 927 1229 fido
940 1173 1127 1228 praetulit
1144 1187 1252 1216 arma
1271 1183 1375 1217 toro.

321 1249 417 1313 Nec
433 1250 676 1315 alsterleftus
688 1269 900 1322 usurpatur
916 1268 970 1316 11,-
989 1280 1031 1316 v,
1057 1280 1120 1318 15.
1163 1289 1166 1292 >

544 1360 655 1403 Felix
673 1359 830 1401 Admeti
847 1359 1002 1414 conjux,
1034 1355 1083 1405 59⁹
1099 1357 1225 1398 melus
1242 1357 1410 1410 Ulyxss,

600 1417 659 1460 Et
675 1429 908 1471 quaecunque
923 1416 1006 1456 viri
1013 1413 1165 1468 femina
1181 1415 1289 1455 limen
1306 1423 1434 1456 amat:

323 1525 394 1565 ubi
419 1523 598 1565 Graecos
621 1523 769 1573 pariter
792 1520 904 1571 loqui
926 1519 1181 1571 politissimus
1203 1515 1409 1558 Livineius
1424 1517 1607 1559 ostendit.
1666 1516 1728 1559 Ea
1743 1529 1841 1560 vero

321 1582 574 1622 librariorum
598 1575 848 1617 consuetudo
870 1575 971 1621 fuit,
1001 1585 1066 1622 ut,
1100 1587 1232 1627 rogus,
1268 1573 1491 1628 ingererent
1513 1587 1611 1628 pro,
1648 1582 1765 1617 torus.
1799 1589 1838 1616 v.

325 1635 461 1690 Heinss
481 1635 529 1677 ad
550 1633 670 1674 Ouid.
689 1634 830 1673 Amor.
850 1631 905 1679 ΙΙ,
921 1642 1007 1679 xlv,
1028 1642 1093 1682 39.

384 1737 596 1778 Caeterum
618 1733 752 1776 versus
776 1733 890 1785 hujus
913 1731 1075 1786 Elegiae
1098 1731 1327 1775 foedisfime
1350 1733 1571 1786 perturbati
1595 1732 1696 1774 sunt.
1755 1732 1842 1786 Ipsa

326 1796 429 1837 ratio
461 1804 593 1834 tamen
627 1792 799 1832 Criticos
825 1790 970 1830 docere
993 1798 1173 1841 poterat,
1198 1802 1285 1831 eam
1307 1792 1361 1831 fic
1385 1799 1613 1831 contextam
1630 1787 1766 1836 fuiffe,
1797 1798 1844 1829 ut

328 1852 538 1897 Cornelia,
570 1850 701 1889 virum
725 1848 868 1895 solata,
890 1845 1064 1887 cauffam
1089 1857 1243 1894 oraret,
1280 1845 1487 1897 causs'aque
1509 1855 1712 1898 perorata,
1742 1847 1842 1887 libe-

325 1921 391 1950 ros
424 1909 480 1946 illi
498 1904 817 1952 commendaret,
848 1904 1031 1956 ipsosque
1054 1903 1172 1941 officii
1190 1902 1227 1940 &
1242 1904 1422 1955 pietatis,
1445 1904 1547 1954 patri
1563 1902 1841 1955 praestandae,

327 1964 573 2006 admoneret.
633 1961 772 2012 Itaque
796 1958 1014 1999 laudandus
1040 1957 1096 1998 est
1121 1956 1316 2010 Scaliger,
1353 1959 1463 2010 quod
1486 1959 1643 2006 versus,
1674 1957 1776 1999 Filia
1799 1967 1844 2000 tu

319 2020 502 2076 specimen
526 2026 602 2058 cet.
628 2018 696 2068 qui
720 2017 761 2056 in
784 2015 937 2070 scriptis
960 2015 1070 2056 libris
1094 2023 1185 2054 ante
1209 2015 1598 2056 commendationem
1623 2016 1841 2057 liberorum

328 2079 604 2121 collocantur,
650 2075 691 2114 in
720 2072 841 2113 finem
871 2072 1052 2113 carminis
1083 2072 1235 2122 1·ejecit.·
1293 2072 1372 2112 Sed
1402 2071 1480 2111 hoc
1511 2073 1677 2124 amplius
1709 2072 1840 2112 ultimi

327 2134 461 2178 versus
482 2129 662 2188 ponendi
690 2129 783 2176 sunt
804 2137 895 2171 ante
919 2128 1077 2177 versum,
1110 2125 1226 2170 Nunc
1249 2127 1543 2183 tibicormneudo
1567 2138 1644 2171 cet.
1661 2128 1741 2171 hoc
1755 2140 1842 2171 mo-

329 2191 402 2232 do·

555 2286 630 2330 Sed
642 2289 728 2330 bme
743 2289 865 2331 habet.
926 2285 1135 2342 Nunquam
1151 2294 1272 2328 mater
1288 2287 1466 2339 lugubria
1472 2285 1605 2343 fimtfi.

609 2343 727 2389 Venit
743 2348 781 2391 in
797 2345 988 2402 exsequias
1004 2353 1084 2389 tota
1102 2352 1262 2387 caterva
1280 2358 1388 2387 meas.
1704 2395 1760 2437 Ca
1778 2393 1827 2451 ff

1762 2407 1785 2436 u
1817 2408 1841 2436 a
