<?xml version="1.0" encoding="UTF-8"?>
<!DOCTYPE html PUBLIC "-//W3C//DTD XHTML 1.0 Transitional//EN"
    "http://www.w3.org/TR/xhtml1/DTD/xhtml1-transitional.dtd">
<html xmlns="http://www.w3.org/1999/xhtml" xml:lang="en" lang="en">
 <head>
  <title>
</title>
<meta http-equiv="Content-Type" content="text/html;charset=utf-8" />
  <meta name='ocr-system' content='tesseract 3.04.00' />
  <meta name='ocr-capabilities' content='ocr_page ocr_carea ocr_par ocr_line ocrx_word'/>
</head>
<body>
  <div class='ocr_page' id='page_1' title='image "./joschraderiliber00schruoft_0239.png"; bbox 0 0 2070 2740; ppageno 0'>
   <div class='ocr_carea' id='block_1_1' title="bbox 530 220 1709 268">
    <p class='ocr_par' dir='ltr' id='par_1_1' title="bbox 530 220 1709 268">
     <span class='ocr_line' id='line_1_1' title="bbox 530 220 1709 268; baseline 0.006 -8"><span class='ocrx_word' id='word_1_1' title='bbox 530 222 565 260; x_wconf 89' lang='lat' dir='ltr'>C</span> <span class='ocrx_word' id='word_1_2' title='bbox 675 221 716 262; x_wconf 89' lang='lat' dir='ltr'>A</span> <span class='ocrx_word' id='word_1_3' title='bbox 828 220 859 260; x_wconf 88' lang='lat' dir='ltr'>P</span> <span class='ocrx_word' id='word_1_4' title='bbox 973 220 1015 262; x_wconf 92' lang='lat' dir='ltr'>V</span> <span class='ocrx_word' id='word_1_5' title='bbox 1129 222 1166 264; x_wconf 83' lang='lat' dir='ltr'>T</span> <span class='ocrx_word' id='word_1_6' title='bbox 1336 223 1470 264; x_wconf 87' lang='lat' dir='ltr'><strong>VIII.</strong></span> <span class='ocrx_word' id='word_1_7' title='bbox 1524 240 1525 243; x_wconf 46' lang='lat'>¹</span> <span class='ocrx_word' id='word_1_8' title='bbox 1659 229 1709 268; x_wconf 84' lang='lat'><em>16</em></span> 
     </span>
    </p>
   </div>
   <div class='ocr_carea' id='block_1_2' title="bbox 1710 239 1731 276">
    <p class='ocr_par' dir='ltr' id='par_1_2' title="bbox 1710 239 1731 276">
     <span class='ocr_line' id='line_1_2' title="bbox 1710 239 1731 276; textangle 90"><span class='ocrx_word' id='word_1_9' title='bbox 1710 239 1731 276; x_wconf 68' lang='lat'><em>02</em></span> 
     </span>
    </p>
   </div>
   <div class='ocr_carea' id='block_1_3' title="bbox 221 331 1161 481">
    <p class='ocr_par' dir='ltr' id='par_1_3' title="bbox 221 331 1161 481">
     <span class='ocr_line' id='line_1_3' title="bbox 221 331 1161 388; baseline -0.005 -12"><span class='ocrx_word' id='word_1_10' title='bbox 221 344 267 376; x_wconf 86' lang='lat' dir='ltr'><em>ut</em></span> <span class='ocrx_word' id='word_1_11' title='bbox 283 331 418 376; x_wconf 81' lang='lat' dir='ltr'><em>Seneca</em></span> <span class='ocrx_word' id='word_1_12' title='bbox 434 334 604 388; x_wconf 81' lang='lat' dir='ltr'><em>Hippol.</em></span> <span class='ocrx_word' id='word_1_13' title='bbox 629 346 746 385; x_wconf 84' lang='lat'>1093.</span> <span class='ocrx_word' id='word_1_14' title='bbox 781 334 872 374; x_wconf 87' lang='lat' dir='ltr'><em>loco</em></span> <span class='ocrx_word' id='word_1_15' title='bbox 888 334 1161 386; x_wconf 83' lang='lat' dir='ltr'><strong>perappofito:</strong></span> 
     </span>
     <span class='ocr_line' id='line_1_4' title="bbox 495 439 922 481; baseline -0.012 1"><span class='ocrx_word' id='word_1_16' title='bbox 495 439 600 481; x_wconf 79' lang='lat' dir='ltr'><em>Late</em></span> <span class='ocrx_word' id='word_1_17' title='bbox 617 445 791 480; x_wconf 81' lang='lat' dir='ltr'><em>cruentat·</em></span> <span class='ocrx_word' id='word_1_18' title='bbox 808 449 922 478; x_wconf 60' lang='lat' dir='ltr'><em>arven</em></span> 
     </span>
    </p>
   </div>
   <div class='ocr_carea' id='block_1_4' title="bbox 213 541 1738 1040">
    <p class='ocr_par' dir='ltr' id='par_1_4' title="bbox 213 541 1738 1040">
     <span class='ocr_line' id='line_1_5' title="bbox 220 541 1733 599; baseline 0 -10"><span class='ocrx_word' id='word_1_19' title='bbox 220 548 314 589; x_wconf 87' lang='lat' dir='ltr'><em>Nec</em></span> <span class='ocrx_word' id='word_1_20' title='bbox 337 549 450 589; x_wconf 82' lang='lat' dir='ltr'><strong>aliter</strong></span> <span class='ocrx_word' id='word_1_21' title='bbox 471 546 578 588; x_wconf 85' lang='lat' dir='ltr'><strong>forte</strong></span> <span class='ocrx_word' id='word_1_22' title='bbox 600 546 751 599; x_wconf 80' lang='lat' dir='ltr'><em>scripfit</em></span> <span class='ocrx_word' id='word_1_23' title='bbox 774 545 905 598; x_wconf 71' lang='lat' dir='ltr'><strong>poeta.</strong></span> <span class='ocrx_word' id='word_1_24' title='bbox 965 541 1110 585; x_wconf 80' lang='lat' dir='ltr'><em>Zethus</em></span> <span class='ocrx_word' id='word_1_25' title='bbox 1134 544 1294 596; x_wconf 85' lang='lat' dir='ltr'><em>quidem</em></span> <span class='ocrx_word' id='word_1_26' title='bbox 1318 544 1355 585; x_wconf 60' lang='grc' dir='ltr'>ἅ</span> <span class='ocrx_word' id='word_1_27' title='bbox 1380 545 1499 586; x_wconf 81' lang='lat' dir='ltr'><em>laetus</em></span> <span class='ocrx_word' id='word_1_28' title='bbox 1524 559 1544 587; x_wconf 85' lang='lat' dir='ltr'>a</span> <span class='ocrx_word' id='word_1_29' title='bbox 1569 548 1733 589; x_wconf 76' lang='lat' dir='ltr'><em>librariis</em></span> 
     </span>
     <span class='ocr_line' id='line_1_6' title="bbox 219 601 1732 658; baseline -0.001 -12"><span class='ocrx_word' id='word_1_30' title='bbox 219 613 495 658; x_wconf 82' lang='lat' dir='ltr'>permutantur</span> <span class='ocrx_word' id='word_1_31' title='bbox 519 604 645 643; x_wconf 87' lang='lat' dir='ltr'><strong>Anth.</strong></span> <span class='ocrx_word' id='word_1_32' title='bbox 670 602 806 644; x_wconf 66' lang='lat' dir='ltr'><em>Burin.</em></span> <span class='ocrx_word' id='word_1_33' title='bbox 826 602 882 641; x_wconf 43' lang='lat' dir='ltr'><em>⁵T.</em></span> <span class='ocrx_word' id='word_1_34' title='bbox 911 614 954 641; x_wconf 89' lang='lat'><em>11.</em></span> <span class='ocrx_word' id='word_1_35' title='bbox 973 614 1012 654; x_wconf 87' lang='lat' dir='ltr'><em>p.</em></span> <span class='ocrx_word' id='word_1_36' title='bbox 1033 612 1053 652; x_wconf 82' lang='grc'>3</span> <span class='ocrx_word' id='word_1_37' title='bbox 1067 614 1128 653; x_wconf 86' lang='lat'><em>17.</em></span> <span class='ocrx_word' id='word_1_38' title='bbox 1162 603 1199 642; x_wconf 83' lang='lat'>&amp;</span> <span class='ocrx_word' id='word_1_39' title='bbox 1216 603 1295 643; x_wconf 84' lang='lat' dir='ltr'><em>hoe</em></span> <span class='ocrx_word' id='word_1_40' title='bbox 1312 603 1394 655; x_wconf 85' lang='lat' dir='ltr'><em>ipso</em></span> <span class='ocrx_word' id='word_1_41' title='bbox 1413 601 1611 656; x_wconf 75' lang='lat' dir='ltr'><em>Propertii</em></span> <span class='ocrx_word' id='word_1_42' title='bbox 1625 607 1732 645; x_wconf 87' lang='lat' dir='ltr'>loco.</span> 
     </span>
     <span class='ocr_line' id='line_1_7' title="bbox 220 657 1736 714; baseline 0.001 -13"><span class='ocrx_word' id='word_1_43' title='bbox 220 663 267 702; x_wconf 90' lang='lat' dir='ltr'><em>ln</em></span> <span class='ocrx_word' id='word_1_44' title='bbox 291 662 364 700; x_wconf 84' lang='lat' dir='ltr'><em>alia</em></span> <span class='ocrx_word' id='word_1_45' title='bbox 388 660 553 700; x_wconf 84' lang='lat' dir='ltr'><em>disceffit</em></span> <span class='ocrx_word' id='word_1_46' title='bbox 579 659 750 714; x_wconf 69' lang='lat' dir='ltr'><em>Guyetus</em></span> <span class='ocrx_word' id='word_1_47' title='bbox 773 658 985 699; x_wconf 86' lang='lat' dir='ltr'><strong>emendare</strong></span> <span class='ocrx_word' id='word_1_48' title='bbox 1011 667 1197 706; x_wconf 82' lang='lat' dir='ltr'><em>conatus,</em></span> <span class='ocrx_word' id='word_1_49' title='bbox 1231 657 1360 699; x_wconf 77' lang='lat' dir='ltr'><em>Prata</em></span> <span class='ocrx_word' id='word_1_50' title='bbox 1385 669 1633 701; x_wconf 64' lang='lat' dir='ltr'><em>crucnmntur</em></span> <span class='ocrx_word' id='word_1_51' title='bbox 1657 663 1736 704; x_wconf 92' lang='lat' dir='ltr'><em>Ze-</em></span> 
     </span>
     <span class='ocr_line' id='line_1_8' title="bbox 223 714 1736 768; baseline 0.001 -11"><span class='ocrx_word' id='word_1_52' title='bbox 223 718 315 757; x_wconf 88' lang='lat' dir='ltr'><strong>tho·</strong></span> <span class='ocrx_word' id='word_1_53' title='bbox 304 747 317 766; x_wconf 80' lang='lat'>,</span> <span class='ocrx_word' id='word_1_54' title='bbox 348 716 456 767; x_wconf 87' lang='lat' dir='ltr'><strong>quod</strong></span> <span class='ocrx_word' id='word_1_55' title='bbox 472 716 510 756; x_wconf 85' lang='lat'>&amp;</span> <span class='ocrx_word' id='word_1_56' title='bbox 527 715 712 757; x_wconf 75' lang='lat' dir='ltr'><em>Beroaldo</em></span> <span class='ocrx_word' id='word_1_57' title='bbox 728 714 915 768; x_wconf 80' lang='lat' dir='ltr'><em>placuiffe</em></span> <span class='ocrx_word' id='word_1_58' title='bbox 933 714 1127 756; x_wconf 75' lang='lat' dir='ltr'><strong>creditul.</strong></span> <span class='ocrx_word' id='word_1_59' title='bbox 1158 724 1196 755; x_wconf 83' lang='lat' dir='ltr'><em>at</em></span> <span class='ocrx_word' id='word_1_60' title='bbox 1212 717 1332 768; x_wconf 67' lang='lat' dir='ltr'><strong>poeta</strong></span> <span class='ocrx_word' id='word_1_61' title='bbox 1347 718 1636 758; x_wconf 85' lang='lat' dir='ltr'><strong>convenienter</strong></span> <span class='ocrx_word' id='word_1_62' title='bbox 1652 720 1736 759; x_wconf 88' lang='lat' dir='ltr'><em>aliis</em></span> 
     </span>
     <span class='ocr_line' id='line_1_9' title="bbox 219 771 1735 829; baseline 0.002 -16"><span class='ocrx_word' id='word_1_63' title='bbox 219 774 380 814; x_wconf 82' lang='lat' dir='ltr'>affirmat</span> <span class='ocrx_word' id='word_1_64' title='bbox 397 773 572 814; x_wconf 87' lang='lat' dir='ltr'><strong>Zethum</strong></span> <span class='ocrx_word' id='word_1_65' title='bbox 588 771 625 811; x_wconf 67' lang='grc' dir='ltr'><em>δε</em></span> <span class='ocrx_word' id='word_1_66' title='bbox 640 773 912 825; x_wconf 86' lang='lat' dir='ltr'>Amphionem</span> <span class='ocrx_word' id='word_1_67' title='bbox 927 773 1074 825; x_wconf 82' lang='lat' dir='ltr'><strong>pariter</strong></span> <span class='ocrx_word' id='word_1_68' title='bbox 1090 772 1245 812; x_wconf 87' lang='lat' dir='ltr'>Dircen</span> <span class='ocrx_word' id='word_1_69' title='bbox 1261 773 1310 812; x_wconf 83' lang='lat' dir='ltr'><em>ad</em></span> <span class='ocrx_word' id='word_1_70' title='bbox 1327 774 1410 814; x_wconf 87' lang='lat' dir='ltr'><em>bov</em></span> <span class='ocrx_word' id='word_1_71' title='bbox 1411 785 1473 813; x_wconf 87' lang='lat' dir='ltr'><em>em</em></span> <span class='ocrx_word' id='word_1_72' title='bbox 1491 774 1735 829; x_wconf 82' lang='lat' dir='ltr'><em>deligaviffe:</em></span> 
     </span>
     <span class='ocr_line' id='line_1_10' title="bbox 218 828 1736 884; baseline 0.002 -15"><span class='ocrx_word' id='word_1_73' title='bbox 218 828 287 881; x_wconf 78' lang='lat' dir='ltr'><em>qul</em></span> <span class='ocrx_word' id='word_1_74' title='bbox 304 831 443 884; x_wconf 86' lang='lat' dir='ltr'><em>igitur,</em></span> <span class='ocrx_word' id='word_1_75' title='bbox 475 831 584 870; x_wconf 88' lang='lat' dir='ltr'><strong>bove</strong></span> <span class='ocrx_word' id='word_1_76' title='bbox 610 830 817 870; x_wconf 72' lang='lat' dir='ltr'><em>mulierem</em></span> <span class='ocrx_word' id='word_1_77' title='bbox 840 841 912 881; x_wconf 85' lang='lat' dir='ltr'><em>per</em></span> <span class='ocrx_word' id='word_1_78' title='bbox 936 828 1088 869; x_wconf 75' lang='lat' dir='ltr'><strong>dive1sa</strong></span> <span class='ocrx_word' id='word_1_79' title='bbox 1111 830 1200 868; x_wconf 86' lang='lat' dir='ltr'><em>loca</em></span> <span class='ocrx_word' id='word_1_80' title='bbox 1222 839 1425 882; x_wconf 77' lang='lat' dir='ltr'>raptante,</span> <span class='ocrx_word' id='word_1_81' title='bbox 1456 830 1608 872; x_wconf 85' lang='lat' dir='ltr'>Zethus</span> <span class='ocrx_word' id='word_1_82' title='bbox 1633 844 1736 872; x_wconf 79' lang='lat' dir='ltr'><em>unus</em></span> 
     </span>
     <span class='ocr_line' id='line_1_11' title="bbox 213 884 1738 939; baseline 0.001 -13"><span class='ocrx_word' id='word_1_83' title='bbox 213 894 335 939; x_wconf 83' lang='lat' dir='ltr'><em>prata</em></span> <span class='ocrx_word' id='word_1_84' title='bbox 359 893 557 926; x_wconf 79' lang='lat' dir='ltr'><em>cruentare</em></span> <span class='ocrx_word' id='word_1_85' title='bbox 581 885 763 926; x_wconf 76' lang='lat' dir='ltr'><em>dicatur?</em></span> <span class='ocrx_word' id='word_1_86' title='bbox 793 885 840 924; x_wconf 93' lang='lat' dir='ltr'><em>In</em></span> <span class='ocrx_word' id='word_1_87' title='bbox 863 886 969 925; x_wconf 84' lang='lat' dir='ltr'><em>notis</em></span> <span class='ocrx_word' id='word_1_88' title='bbox 994 893 1126 926; x_wconf 83' lang='lat' dir='ltr'><strong>autem</strong></span> <span class='ocrx_word' id='word_1_89' title='bbox 1141 884 1319 926; x_wconf 82' lang='lat' dir='ltr'><em>Livineii</em></span> <span class='ocrx_word' id='word_1_90' title='bbox 1333 888 1513 939; x_wconf 83' lang='lat' dir='ltr'><strong>reperio.</strong></span> <span class='ocrx_word' id='word_1_91' title='bbox 1558 915 1588 935; x_wconf 86' lang='lat'><strong>„</strong></span> <span class='ocrx_word' id='word_1_92' title='bbox 1607 887 1738 928; x_wconf 77' lang='lat' dir='ltr'><em>Prata</em></span> 
     </span>
     <span class='ocr_line' id='line_1_12' title="bbox 220 940 1737 1000; baseline 0.003 -18"><span class='ocrx_word' id='word_1_93' title='bbox 220 949 491 992; x_wconf 81' lang='lat' dir='ltr'><em>cruentantur,</em></span> <span class='ocrx_word' id='word_1_94' title='bbox 522 940 639 984; x_wconf 80' lang='lat' dir='ltr'><em>Zethi</em></span> <span class='ocrx_word' id='word_1_95' title='bbox 662 942 859 994; x_wconf 64' lang='lat' dir='ltr'><em>viciorque</em></span> <span class='ocrx_word' id='word_1_96' title='bbox 883 954 963 983; x_wconf 83' lang='lat' dir='ltr'><em>cau.</em></span> <span class='ocrx_word' id='word_1_97' title='bbox 987 950 1154 994; x_wconf 77' lang='lat' dir='ltr'><strong>put03„</strong></span> <span class='ocrx_word' id='word_1_98' title='bbox 1185 942 1295 994; x_wconf 90' lang='lat' dir='ltr'><strong>quod</strong></span> <span class='ocrx_word' id='word_1_99' title='bbox 1316 954 1381 985; x_wconf 88' lang='lat' dir='ltr'><em>me</em></span> <span class='ocrx_word' id='word_1_100' title='bbox 1404 955 1490 986; x_wconf 88' lang='lat' dir='ltr'><em>non</em></span> <span class='ocrx_word' id='word_1_101' title='bbox 1514 945 1737 1000; x_wconf 56' lang='lat' dir='ltr'><em>intelligere</em></span> 
     </span>
     <span class='ocr_line' id='line_1_13' title="bbox 218 998 360 1040; baseline 0 -1"><span class='ocrx_word' id='word_1_102' title='bbox 218 998 360 1040; x_wconf 86' lang='lat' dir='ltr'><strong>fateor.</strong></span> 
     </span>
    </p>
   </div>
   <div class='ocr_carea' id='block_1_5' title="bbox 274 1111 442 1154">
    <p class='ocr_par' dir='ltr' id='par_1_5' title="bbox 274 1111 442 1154">
     <span class='ocr_line' id='line_1_14' title="bbox 274 1111 442 1154; baseline -0.018 -11"><span class='ocrx_word' id='word_1_103' title='bbox 274 1113 354 1148; x_wconf 69' lang='lat' dir='ltr'><em>xm,</em></span> <span class='ocrx_word' id='word_1_104' title='bbox 376 1111 442 1154; x_wconf 83' lang='lat'><em>23.</em></span> 
     </span>
    </p>
   </div>
   <div class='ocr_carea' id='block_1_6' title="bbox 437 1198 1451 1427">
    <p class='ocr_par' dir='ltr' id='par_1_6' title="bbox 437 1198 1451 1311">
     <span class='ocr_line' id='line_1_15' title="bbox 437 1198 1445 1249; baseline 0 -6"><span class='ocrx_word' id='word_1_105' title='bbox 437 1201 520 1243; x_wconf 86' lang='lat' dir='ltr'><em>Hic</em></span> <span class='ocrx_word' id='word_1_106' title='bbox 536 1199 641 1242; x_wconf 81' lang='lat' dir='ltr'><em>Anio</em></span> <span class='ocrx_word' id='word_1_107' title='bbox 658 1201 839 1243; x_wconf 84' lang='lat' dir='ltr'><strong>Tiburne</strong></span> <span class='ocrx_word' id='word_1_108' title='bbox 853 1200 966 1249; x_wconf 83' lang='lat' dir='ltr'><em>fluis,</em></span> <span class='ocrx_word' id='word_1_109' title='bbox 1000 1199 1210 1242; x_wconf 75' lang='lat' dir='ltr'><em>Clitumnus</em></span> <span class='ocrx_word' id='word_1_110' title='bbox 1231 1201 1279 1241; x_wconf 82' lang='lat' dir='ltr'><em>ab</em></span> <span class='ocrx_word' id='word_1_111' title='bbox 1302 1198 1445 1243; x_wconf 81' lang='lat' dir='ltr'><em>Umbro</em></span> 
     </span>
     <span class='ocr_line' id='line_1_16' title="bbox 503 1255 1451 1311; baseline 0 -13"><span class='ocrx_word' id='word_1_112' title='bbox 503 1257 694 1305; x_wconf 79' lang='lat' dir='ltr'><em>Tramite,</em></span> <span class='ocrx_word' id='word_1_113' title='bbox 726 1255 775 1304; x_wconf 65' lang='lat'><em>69⁹</em></span> <span class='ocrx_word' id='word_1_114' title='bbox 792 1266 985 1299; x_wconf 83' lang='lat' dir='ltr'><em>aeternum</em></span> <span class='ocrx_word' id='word_1_115' title='bbox 1002 1256 1179 1298; x_wconf 77' lang='lat' dir='ltr'><em>Marcius</em></span> <span class='ocrx_word' id='word_1_116' title='bbox 1194 1258 1325 1298; x_wconf 85' lang='lat' dir='ltr'><em>humor</em></span> <span class='ocrx_word' id='word_1_117' title='bbox 1341 1266 1428 1311; x_wconf 84' lang='lat' dir='ltr'><em>opus</em></span> <span class='ocrx_word' id='word_1_118' title='bbox 1435 1272 1451 1308; x_wconf 83' lang='lat'><em>‚-</em></span> 
     </span>
    </p>

    <p class='ocr_par' dir='ltr' id='par_1_7' title="bbox 439 1312 1361 1427">
     <span class='ocr_line' id='line_1_17' title="bbox 439 1312 1361 1368; baseline -0.002 -12"><span class='ocrx_word' id='word_1_119' title='bbox 439 1313 686 1368; x_wconf 81' lang='lat' dir='ltr'><em>Alhanusque</em></span> <span class='ocrx_word' id='word_1_120' title='bbox 702 1313 905 1367; x_wconf 85' lang='lat' dir='ltr'><em>lacussocii</em></span> <span class='ocrx_word' id='word_1_121' title='bbox 922 1312 1159 1367; x_wconf 76' lang='lat' dir='ltr'><em>Nemoreufis</em></span> <span class='ocrx_word' id='word_1_122' title='bbox 1174 1315 1222 1355; x_wconf 79' lang='lat' dir='ltr'><em>ab</em></span> <span class='ocrx_word' id='word_1_123' title='bbox 1237 1313 1361 1361; x_wconf 81' lang='lat' dir='ltr'><em>unda,</em></span> 
     </span>
     <span class='ocr_line' id='line_1_18' title="bbox 497 1369 1320 1427; baseline -0.004 -14"><span class='ocrx_word' id='word_1_124' title='bbox 497 1370 667 1425; x_wconf 80' lang='lat' dir='ltr'><em>Potaque</em></span> <span class='ocrx_word' id='word_1_125' title='bbox 685 1369 850 1412; x_wconf 74' lang='lat' dir='ltr'><em>Pollucis</em></span> <span class='ocrx_word' id='word_1_126' title='bbox 864 1372 1027 1427; x_wconf 74' lang='lat' dir='ltr'><em>nympha</em></span> <span class='ocrx_word' id='word_1_127' title='bbox 1033 1370 1205 1425; x_wconf 84' lang='lat' dir='ltr'><em>salubris</em></span> <span class='ocrx_word' id='word_1_128' title='bbox 1220 1381 1320 1423; x_wconf 81' lang='lat' dir='ltr'><em>equo.</em></span> 
     </span>
    </p>
   </div>
   <div class='ocr_carea' id='block_1_7' title="bbox 221 1475 461 1524">
    <p class='ocr_par' dir='ltr' id='par_1_8' title="bbox 221 1475 461 1524">
     <span class='ocr_line' id='line_1_19' title="bbox 221 1475 461 1524; baseline 0.004 -7"><span class='ocrx_word' id='word_1_129' title='bbox 221 1475 438 1518; x_wconf 82' lang='lat' dir='ltr'><strong>Praestaret</strong></span> <span class='ocrx_word' id='word_1_130' title='bbox 447 1504 461 1524; x_wconf 88' lang='lat'>,</span> 
     </span>
    </p>
   </div>
   <div class='ocr_carea' id='block_1_8' title="bbox 440 1561 1430 1673">
    <p class='ocr_par' dir='ltr' id='par_1_9' title="bbox 440 1561 1430 1673">
     <span class='ocr_line' id='line_1_20' title="bbox 440 1561 1430 1673; baseline -0.002 -55"><span class='ocrx_word' id='word_1_131' title='bbox 440 1573 642 1673; x_wconf 52' lang='lat' dir='ltr'><em>Hi&#39;crAnif)</em></span> <span class='ocrx_word' id='word_1_132' title='bbox 659 1575 830 1617; x_wconf 87' lang='lat' dir='ltr'><strong>Tiburte</strong></span> <span class='ocrx_word' id='word_1_133' title='bbox 847 1561 958 1624; x_wconf 83' lang='lat' dir='ltr'><em>fluit,</em></span> <span class='ocrx_word' id='word_1_134' title='bbox 993 1575 1203 1618; x_wconf 80' lang='lat' dir='ltr'><em>Clitumnus</em></span> <span class='ocrx_word' id='word_1_135' title='bbox 1218 1576 1265 1628; x_wconf 79' lang='lat' dir='ltr'><em>ab</em></span> <span class='ocrx_word' id='word_1_136' title='bbox 1289 1573 1430 1616; x_wconf 80' lang='lat' dir='ltr'><em>Umbro</em></span> 
     </span>
     <span class='ocr_line' id='line_1_21' title="bbox 538 1642 690 1673; baseline -0.007 0"><span class='ocrx_word' id='word_1_137' title='bbox 538 1642 690 1673; x_wconf 73' lang='lat' dir='ltr'><em>samue.</em></span> 
     </span>
    </p>
   </div>
   <div class='ocr_carea' id='block_1_9' title="bbox 224 1732 1739 1874">
    <p class='ocr_par' dir='ltr' id='par_1_10' title="bbox 224 1732 1739 1847">
     <span class='ocr_line' id='line_1_22' title="bbox 224 1732 1739 1787; baseline 0 -11"><span class='ocrx_word' id='word_1_138' title='bbox 224 1734 330 1776; x_wconf 89' lang='lat' dir='ltr'><strong>Illud</strong></span> <span class='ocrx_word' id='word_1_139' title='bbox 351 1734 549 1787; x_wconf 79' lang='lat' dir='ltr'><strong>leperitur</strong></span> <span class='ocrx_word' id='word_1_140' title='bbox 573 1734 614 1773; x_wconf 87' lang='lat' dir='ltr'><em>in</em></span> <span class='ocrx_word' id='word_1_141' title='bbox 637 1733 807 1784; x_wconf 86' lang='lat' dir='ltr'><em>antiquis</em></span> <span class='ocrx_word' id='word_1_142' title='bbox 831 1732 1097 1781; x_wconf 81' lang='lat' dir='ltr'><em>editionibus3</em></span> <span class='ocrx_word' id='word_1_143' title='bbox 1126 1732 1206 1773; x_wconf 93' lang='lat' dir='ltr'><em>hoc</em></span> <span class='ocrx_word' id='word_1_144' title='bbox 1229 1736 1430 1786; x_wconf 85' lang='lat' dir='ltr'><strong>requi1ere</strong></span> <span class='ocrx_word' id='word_1_145' title='bbox 1454 1733 1644 1776; x_wconf 87' lang='lat' dir='ltr'><strong>videntur</strong></span> <span class='ocrx_word' id='word_1_146' title='bbox 1663 1733 1739 1776; x_wconf 86' lang='lat' dir='ltr'><em>Cli·</em></span> 
     </span>
     <span class='ocr_line' id='line_1_23' title="bbox 224 1787 1738 1874; baseline 0.001 -41"><span class='ocrx_word' id='word_1_147' title='bbox 224 1800 372 1833; x_wconf 79' lang='lat' dir='ltr'><em>tumnus</em></span> <span class='ocrx_word' id='word_1_148' title='bbox 388 1819 400 1839; x_wconf 84' lang='grc'>,</span> <span class='ocrx_word' id='word_1_149' title='bbox 445 1787 624 1831; x_wconf 79' lang='lat' dir='ltr'><em>Marcius</em></span> <span class='ocrx_word' id='word_1_150' title='bbox 653 1790 784 1830; x_wconf 82' lang='lat' dir='ltr'><em>humor</em></span> <span class='ocrx_word' id='word_1_151' title='bbox 793 1817 806 1838; x_wconf 84' lang='lat'>‚</span> <span class='ocrx_word' id='word_1_152' title='bbox 829 1788 1027 1834; x_wconf 80' lang='lat' dir='ltr'><em>Albanus</em></span> <span class='ocrx_word' id='word_1_153' title='bbox 1048 1790 1182 1838; x_wconf 83' lang='lat' dir='ltr'><em>lacus,</em></span> <span class='ocrx_word' id='word_1_154' title='bbox 1219 1788 1256 1830; x_wconf 69' lang='grc' dir='ltr'><strong>ἃ</strong></span> <span class='ocrx_word' id='word_1_155' title='bbox 1278 1792 1441 1846; x_wconf 75' lang='lat' dir='ltr'><em>nympha</em></span> <span class='ocrx_word' id='word_1_156' title='bbox 1466 1789 1631 1834; x_wconf 80' lang='lat' dir='ltr'><em>Pollucis</em></span> <span class='ocrx_word' id='word_1_157' title='bbox 1653 1805 1738 1874; x_wconf 75' lang='lat' dir='ltr'><em>equo</em></span> 
     </span>
    </p>
   </div>
   <div class='ocr_carea' id='block_1_10' title="bbox 218 1856 477 2000">
    <p class='ocr_par' dir='ltr' id='par_1_11' title="bbox 218 1856 459 2000">
     <span class='ocr_line' id='line_1_24' title="bbox 218 1856 323 1903; baseline -0.022 -12"><span class='ocrx_word' id='word_1_158' title='bbox 218 1856 323 1903; x_wconf 81' lang='lat' dir='ltr'><em>pota.</em></span> 
     </span>
     <span class='ocr_line' id='line_1_25' title="bbox 276 1962 477 2000; baseline -0.022 -6"><span class='ocrx_word' id='word_1_159' title='bbox 276 1963 379 2000; x_wconf 76' lang='lat' dir='ltr'><strong>xxn,</strong></span> <span class='ocrx_word' id='word_1_160' title='bbox 416 1963 430 1990; x_wconf 90' lang='lat'>1</span> <span class='ocrx_word' id='word_1_161' title='bbox 445 1962 477 1990; x_wconf 90' lang='lat'><em>1.</em></span> 
     </span>
    </p>
   </div>
   <div class='ocr_carea' id='block_1_11' title="bbox 442 2048 1437 2381">
    <p class='ocr_par' dir='ltr' id='par_1_12' title="bbox 442 2048 1367 2163">
     <span class='ocr_line' id='line_1_26' title="bbox 442 2048 1367 2107; baseline -0.001 -12"><span class='ocrx_word' id='word_1_162' title='bbox 442 2051 482 2095; x_wconf 92' lang='grc' dir='ltr'><strong><em>Γ</em></strong></span> <span class='ocrx_word' id='word_1_163' title='bbox 462 2051 550 2107; x_wconf 85' lang='lat' dir='ltr'><em>ors</em></span> <span class='ocrx_word' id='word_1_164' title='bbox 551 2060 619 2093; x_wconf 81' lang='lat' dir='ltr'><em>tan</em></span> <span class='ocrx_word' id='word_1_165' title='bbox 635 2052 723 2092; x_wconf 81' lang='lat' dir='ltr'><em>haec</em></span> <span class='ocrx_word' id='word_1_166' title='bbox 739 2050 815 2091; x_wconf 81' lang='lat' dir='ltr'><em>illis</em></span> <span class='ocrx_word' id='word_1_167' title='bbox 823 2048 981 2104; x_wconf 79' lang='lat' dir='ltr'><em>fuer-int</em></span> <span class='ocrx_word' id='word_1_168' title='bbox 997 2050 1181 2094; x_wconf 74' lang='lat' dir='ltr'><em>mandata</em></span> <span class='ocrx_word' id='word_1_169' title='bbox 1197 2051 1367 2094; x_wconf 80' lang='lat' dir='ltr'><em>tabellis:</em></span> 
     </span>
     <span class='ocr_line' id='line_1_27' title="bbox 499 2108 804 2163; baseline -0.007 -13"><span class='ocrx_word' id='word_1_170' title='bbox 499 2108 652 2163; x_wconf 83' lang='lat' dir='ltr'><em>Irascor</em></span> <span class='ocrx_word' id='word_1_171' title='bbox 664 2137 676 2157; x_wconf 66' lang='lat' dir='ltr'>a</span> <span class='ocrx_word' id='word_1_172' title='bbox 712 2116 804 2149; x_wconf 75' lang='lat' dir='ltr'><em>caet.</em></span> 
     </span>
    </p>

    <p class='ocr_par' dir='ltr' id='par_1_13' title="bbox 445 2140 1348 2276">
     <span class='ocr_line' id='line_1_28' title="bbox 445 2140 1348 2230; baseline 0.001 -24"><span class='ocrx_word' id='word_1_173' title='bbox 445 2164 534 2206; x_wconf 74' lang='lat' dir='ltr'><em>Aut</em></span> <span class='ocrx_word' id='word_1_174' title='bbox 553 2165 673 2213; x_wconf 74' lang='lat' dir='ltr'><em>dixit,</em></span> <span class='ocrx_word' id='word_1_175' title='bbox 709 2164 850 2206; x_wconf 82' lang='lat' dir='ltr'><em>Venias</em></span> <span class='ocrx_word' id='word_1_176' title='bbox 865 2140 1005 2214; x_wconf 83' lang='lat' dir='ltr'><em>hodie,</em></span> <span class='ocrx_word' id='word_1_177' title='bbox 1023 2164 1233 2230; x_wconf 75' lang='lat' dir='ltr'><em>ceffabimus</em></span> <span class='ocrx_word' id='word_1_178' title='bbox 1247 2177 1348 2207; x_wconf 83' lang='lat' dir='ltr'><em>una:</em></span> 
     </span>
     <span class='ocr_line' id='line_1_29' title="bbox 500 2221 1262 2276; baseline 0.003 -14"><span class='ocrx_word' id='word_1_179' title='bbox 500 2221 719 2275; x_wconf 81' lang='lat' dir='ltr'><em>Hospitium</em></span> <span class='ocrx_word' id='word_1_180' title='bbox 735 2230 816 2263; x_wconf 77' lang='lat' dir='ltr'><em>tota</em></span> <span class='ocrx_word' id='word_1_181' title='bbox 830 2222 932 2263; x_wconf 57' lang='lat' dir='ltr'><em>nocie</em></span> <span class='ocrx_word' id='word_1_182' title='bbox 943 2224 1108 2276; x_wconf 82' lang='lat' dir='ltr'><em>paravit</em></span> <span class='ocrx_word' id='word_1_183' title='bbox 1125 2221 1262 2264; x_wconf 86' lang='lat' dir='ltr'><em>Amor.</em></span> 
     </span>
    </p>

    <p class='ocr_par' dir='ltr' id='par_1_14' title="bbox 443 2277 1437 2381">
     <span class='ocr_line' id='line_1_30' title="bbox 443 2277 1437 2334; baseline -0.001 -13"><span class='ocrx_word' id='word_1_184' title='bbox 443 2278 503 2321; x_wconf 74' lang='lat' dir='ltr'><em>Et</em></span> <span class='ocrx_word' id='word_1_185' title='bbox 518 2290 748 2333; x_wconf 81' lang='lat' dir='ltr'><em>quaecunque</em></span> <span class='ocrx_word' id='word_1_186' title='bbox 765 2279 890 2320; x_wconf 82' lang='lat' dir='ltr'><em>volens</em></span> <span class='ocrx_word' id='word_1_187' title='bbox 912 2280 1056 2332; x_wconf 81' lang='lat' dir='ltr'><em>reperit</em></span> <span class='ocrx_word' id='word_1_188' title='bbox 1069 2291 1140 2321; x_wconf 88' lang='lat' dir='ltr'><em>non</em></span> <span class='ocrx_word' id='word_1_189' title='bbox 1147 2277 1273 2334; x_wconf 81' lang='lat' dir='ltr'><em>stulta</em></span> <span class='ocrx_word' id='word_1_190' title='bbox 1286 2277 1410 2331; x_wconf 83' lang='lat' dir='ltr'><em>puella</em></span> <span class='ocrx_word' id='word_1_191' title='bbox 1419 2281 1437 2328; x_wconf 83' lang='lat'><em>,&#39;</em></span> 
     </span>
     <span class='ocr_line' id='line_1_31' title="bbox 507 2334 1359 2381; baseline 0.001 -4"><span class='ocrx_word' id='word_1_192' title='bbox 507 2335 680 2379; x_wconf 79' lang='lat' dir='ltr'><em>Garrula</em></span> <span class='ocrx_word' id='word_1_193' title='bbox 697 2350 775 2379; x_wconf 84' lang='lat' dir='ltr'><em>cum</em></span> <span class='ocrx_word' id='word_1_194' title='bbox 791 2334 940 2380; x_wconf 82' lang='lat' dir='ltr'><em>blandis</em></span> <span class='ocrx_word' id='word_1_195' title='bbox 955 2335 1116 2380; x_wconf 86' lang='lat' dir='ltr'><em>ducitur</em></span> <span class='ocrx_word' id='word_1_196' title='bbox 1131 2337 1230 2381; x_wconf 82' lang='lat' dir='ltr'><strong>hora</strong></span> <span class='ocrx_word' id='word_1_197' title='bbox 1246 2335 1359 2378; x_wconf 88' lang='lat' dir='ltr'><em>dolis.</em></span> 
     </span>
    </p>
   </div>
   <div class='ocr_carea' id='block_1_12' title="bbox 987 2431 1741 2491">
    <p class='ocr_par' dir='ltr' id='par_1_15' title="bbox 987 2431 1741 2491">
     <span class='ocr_line' id='line_1_32' title="bbox 987 2431 1741 2491; baseline -0.008 -9"><span class='ocrx_word' id='word_1_198' title='bbox 987 2440 1024 2482; x_wconf 92' lang='lat' dir='ltr'>X</span> <span class='ocrx_word' id='word_1_199' title='bbox 1053 2451 1079 2491; x_wconf 76' lang='lat'><strong>2</strong></span> <span class='ocrx_word' id='word_1_200' title='bbox 1562 2431 1741 2491; x_wconf 74' lang='lat' dir='ltr'><em>Heinfius</em></span> 
     </span>
    </p>
   </div>
  </div>
 </body>
</html>
