<?xml version="1.0" encoding="UTF-8"?>
<!DOCTYPE html PUBLIC "-//W3C//DTD XHTML 1.0 Transitional//EN"
    "http://www.w3.org/TR/xhtml1/DTD/xhtml1-transitional.dtd">
<html xmlns="http://www.w3.org/1999/xhtml" xml:lang="en" lang="en">
 <head>
  <title>
</title>
<meta http-equiv="Content-Type" content="text/html;charset=utf-8" />
  <meta name='ocr-system' content='tesseract 3.04.00' />
  <meta name='ocr-capabilities' content='ocr_page ocr_carea ocr_par ocr_line ocrx_word'/>
</head>
<body>
  <div class='ocr_page' id='page_1' title='image "./joschraderiliber00schruoft_0305.png"; bbox 0 0 2070 2740; ppageno 0'>
   <div class='ocr_carea' id='block_1_1' title="bbox 235 174 1731 402">
    <p class='ocr_par' dir='ltr' id='par_1_1' title="bbox 235 174 1731 402">
     <span class='ocr_line' id='line_1_1' title="bbox 1648 174 1731 213; baseline 0 -9"><span class='ocrx_word' id='word_1_1' title='bbox 1648 174 1699 204; x_wconf 79' lang='lat'><em>22</em></span> <span class='ocrx_word' id='word_1_2' title='bbox 1703 174 1731 213; x_wconf 85' lang='lat'><em>9</em></span> 
     </span>
     <span class='ocr_line' id='line_1_2' title="bbox 235 269 1702 310; baseline 0.001 -2"><span class='ocrx_word' id='word_1_3' title='bbox 235 269 1702 310; x_wconf 41' lang='lat' dir='ltr'><em>(QQQQQQQQQQQQQQQQQQQ)</em></span> 
     </span>
     <span class='ocr_line' id='line_1_3' title="bbox 532 355 1447 402; baseline 0 -1"><span class='ocrx_word' id='word_1_4' title='bbox 532 360 566 401; x_wconf 93' lang='lat' dir='ltr'>C</span> <span class='ocrx_word' id='word_1_5' title='bbox 679 363 719 402; x_wconf 90' lang='lat' dir='ltr'><strong>A</strong></span> <span class='ocrx_word' id='word_1_6' title='bbox 830 361 861 401; x_wconf 92' lang='lat' dir='ltr'><strong>P</strong></span> <span class='ocrx_word' id='word_1_7' title='bbox 974 358 1016 398; x_wconf 94' lang='lat' dir='ltr'>V</span> <span class='ocrx_word' id='word_1_8' title='bbox 1131 361 1168 400; x_wconf 89' lang='lat' dir='ltr'>T</span> <span class='ocrx_word' id='word_1_9' title='bbox 1206 355 1214 362; x_wconf 65' lang='grc'><em>”</em></span> <span class='ocrx_word' id='word_1_10' title='bbox 1335 359 1372 399; x_wconf 94' lang='lat' dir='ltr'><strong>X</strong></span> <span class='ocrx_word' id='word_1_11' title='bbox 1377 361 1413 401; x_wconf 93' lang='lat' dir='ltr'><em>II</em></span> <span class='ocrx_word' id='word_1_12' title='bbox 1418 362 1447 401; x_wconf 89' lang='grc' dir='ltr'><em>Ι.</em></span> 
     </span>
    </p>
   </div>
   <div class='ocr_carea' id='block_1_2' title="bbox 213 447 1725 1367">
    <p class='ocr_par' dir='ltr' id='par_1_2' title="bbox 213 447 1725 1367">
     <span class='ocr_line' id='line_1_4' title="bbox 213 447 1722 500; baseline -0.005 -9"><span class='ocrx_word' id='word_1_13' title='bbox 213 453 255 491; x_wconf 87' lang='lat' dir='ltr'><em>In</em></span> <span class='ocrx_word' id='word_1_14' title='bbox 276 455 381 489; x_wconf 84' lang='lat' dir='ltr'><em>libello</em></span> <span class='ocrx_word' id='word_1_15' title='bbox 396 477 408 496; x_wconf 91' lang='lat'>,</span> <span class='ocrx_word' id='word_1_16' title='bbox 435 464 494 500; x_wconf 81' lang='lat' dir='ltr'><em>quo</em></span> <span class='ocrx_word' id='word_1_17' title='bbox 516 454 695 490; x_wconf 80' lang='lat' dir='ltr'><em>devovetur</em></span> <span class='ocrx_word' id='word_1_18' title='bbox 718 452 808 495; x_wconf 81' lang='lat' dir='ltr'><em>Ibis,</em></span> <span class='ocrx_word' id='word_1_19' title='bbox 834 451 1013 486; x_wconf 82' lang='lat' dir='ltr'><em>adulterini</em></span> <span class='ocrx_word' id='word_1_20' title='bbox 1035 451 1146 497; x_wconf 83' lang='lat' dir='ltr'><em>versus</em></span> <span class='ocrx_word' id='word_1_21' title='bbox 1172 451 1288 485; x_wconf 81' lang='lat' dir='ltr'><em>latent.</em></span> <span class='ocrx_word' id='word_1_22' title='bbox 1341 447 1508 484; x_wconf 83' lang='lat' dir='ltr'><em>Nonnulli</em></span> <span class='ocrx_word' id='word_1_23' title='bbox 1523 453 1618 485; x_wconf 83' lang='lat' dir='ltr'><em>certis</em></span> <span class='ocrx_word' id='word_1_24' title='bbox 1637 453 1722 486; x_wconf 82' lang='lat' dir='ltr'><em>indi.</em></span> 
     </span>
     <span class='ocr_line' id='line_1_5' title="bbox 260 497 1721 546; baseline -0.001 -10"><span class='ocrx_word' id='word_1_25' title='bbox 260 505 319 536; x_wconf 83' lang='lat' dir='ltr'><em>ciis</em></span> <span class='ocrx_word' id='word_1_26' title='bbox 335 500 564 546; x_wconf 82' lang='lat' dir='ltr'><em>monstrantur.</em></span> <span class='ocrx_word' id='word_1_27' title='bbox 624 501 801 546; x_wconf 85' lang='lat' dir='ltr'><em>Salvagnii</em></span> <span class='ocrx_word' id='word_1_28' title='bbox 826 499 867 539; x_wconf 77' lang='lat'><em>&amp;³</em></span> <span class='ocrx_word' id='word_1_29' title='bbox 894 499 1018 534; x_wconf 76' lang='lat' dir='ltr'><em>Santttz·</em></span> <span class='ocrx_word' id='word_1_30' title='bbox 1035 498 1220 543; x_wconf 84' lang='lat' dir='ltr'><em>sententiae</em></span> <span class='ocrx_word' id='word_1_31' title='bbox 1243 499 1423 533; x_wconf 80' lang='lat' dir='ltr'><em>rationibus</em></span> <span class='ocrx_word' id='word_1_32' title='bbox 1446 501 1541 533; x_wconf 82' lang='lat' dir='ltr'><em>novis</em></span> <span class='ocrx_word' id='word_1_33' title='bbox 1559 497 1721 544; x_wconf 80' lang='lat' dir='ltr'><em>affirman-</em></span> 
     </span>
     <span class='ocr_line' id='line_1_6' title="bbox 261 545 1721 596; baseline -0.002 -11"><span class='ocrx_word' id='word_1_34' title='bbox 261 557 327 587; x_wconf 83' lang='lat' dir='ltr'><em>tur.</em></span> <span class='ocrx_word' id='word_1_35' title='bbox 381 550 500 585; x_wconf 80' lang='lat' dir='ltr'><em>Poe&#39;tae</em></span> <span class='ocrx_word' id='word_1_36' title='bbox 529 548 723 596; x_wconf 82' lang='lat' dir='ltr'><em>refugerunt</em></span> <span class='ocrx_word' id='word_1_37' title='bbox 749 560 768 583; x_wconf 94' lang='lat' dir='ltr'><em>a</em></span> <span class='ocrx_word' id='word_1_38' title='bbox 791 549 906 592; x_wconf 82' lang='lat' dir='ltr'><em>verbo,</em></span> <span class='ocrx_word' id='word_1_39' title='bbox 941 545 1100 593; x_wconf 73' lang='lat' dir='ltr'><em>dynastes.</em></span> <span class='ocrx_word' id='word_1_40' title='bbox 1160 546 1354 581; x_wconf 77' lang='lat' dir='ltr'><em>Danaidum</em></span> <span class='ocrx_word' id='word_1_41' title='bbox 1372 553 1490 593; x_wconf 86' lang='lat' dir='ltr'><em>poenae</em></span> <span class='ocrx_word' id='word_1_42' title='bbox 1512 549 1721 591; x_wconf 84' lang='lat' dir='ltr'><em>mulieribus,</em></span> 
     </span>
     <span class='ocr_line' id='line_1_7' title="bbox 259 594 1722 642; baseline -0.004 -8"><span class='ocrx_word' id='word_1_43' title='bbox 259 610 321 634; x_wconf 89' lang='lat' dir='ltr'><em>non</em></span> <span class='ocrx_word' id='word_1_44' title='bbox 344 606 450 634; x_wconf 85' lang='lat' dir='ltr'><em>autem</em></span> <span class='ocrx_word' id='word_1_45' title='bbox 473 601 580 640; x_wconf 81' lang='lat' dir='ltr'><em>viris,</em></span> <span class='ocrx_word' id='word_1_46' title='bbox 607 596 796 636; x_wconf 75' lang='lat' dir='ltr'><em>constitutae</em></span> <span class='ocrx_word' id='word_1_47' title='bbox 802 595 899 642; x_wconf 89' lang='lat' dir='ltr'><em>sunt.</em></span> <span class='ocrx_word' id='word_1_48' title='bbox 949 595 1079 630; x_wconf 83' lang='lat' dir='ltr'><em>Earum</em></span> <span class='ocrx_word' id='word_1_49' title='bbox 1095 595 1269 630; x_wconf 77' lang='lat' dir='ltr'><em>crudelitas</em></span> <span class='ocrx_word' id='word_1_50' title='bbox 1281 598 1452 641; x_wconf 79' lang='lat' dir='ltr'><em>praecipue</em></span> <span class='ocrx_word' id='word_1_51' title='bbox 1472 602 1617 631; x_wconf 85' lang='lat' dir='ltr'><em>notatur.</em></span> <span class='ocrx_word' id='word_1_52' title='bbox 1655 594 1722 630; x_wconf 88' lang='lat' dir='ltr'><em>Lo.</em></span> 
     </span>
     <span class='ocr_line' id='line_1_8' title="bbox 257 642 1721 692; baseline -0.001 -12"><span class='ocrx_word' id='word_1_53' title='bbox 257 657 310 681; x_wconf 80' lang='lat' dir='ltr'><em>cus</em></span> <span class='ocrx_word' id='word_1_54' title='bbox 331 646 464 681; x_wconf 82' lang='lat' dir='ltr'><strong><em>Senecae</em></strong></span> <span class='ocrx_word' id='word_1_55' title='bbox 483 644 642 692; x_wconf 79' lang='lat' dir='ltr'><em>defenfits.</em></span> <span class='ocrx_word' id='word_1_56' title='bbox 699 645 912 680; x_wconf 78' lang='lat' dir='ltr'><em>Burmannus</em></span> <span class='ocrx_word' id='word_1_57' title='bbox 934 644 976 685; x_wconf 64' lang='lat'><em>&amp;2⁹</em></span> <span class='ocrx_word' id='word_1_58' title='bbox 1003 642 1252 691; x_wconf 75' lang='lat' dir='ltr'><em>lVeffelingius,</em></span> <span class='ocrx_word' id='word_1_59' title='bbox 1286 643 1321 678; x_wconf 86' lang='lat' dir='ltr'><em>de</em></span> <span class='ocrx_word' id='word_1_60' title='bbox 1347 644 1480 690; x_wconf 83' lang='lat' dir='ltr'><em>quodam</em></span> <span class='ocrx_word' id='word_1_61' title='bbox 1504 642 1635 689; x_wconf 75' lang='lat' dir='ltr'><em>disticho</em></span> <span class='ocrx_word' id='word_1_62' title='bbox 1658 644 1721 679; x_wconf 79' lang='lat' dir='ltr'><em>dis·</em></span> 
     </span>
     <span class='ocr_line' id='line_1_9' title="bbox 248 690 1721 741; baseline -0.001 -13"><span class='ocrx_word' id='word_1_63' title='bbox 248 695 446 741; x_wconf 83' lang='lat' dir='ltr'><em>sentientes,</em></span> <span class='ocrx_word' id='word_1_64' title='bbox 473 693 679 738; x_wconf 80' lang='lat' dir='ltr'><em>refutantur.</em></span> <span class='ocrx_word' id='word_1_65' title='bbox 715 693 903 740; x_wconf 80' lang='lat' dir='ltr'><em>Supplicia,</em></span> <span class='ocrx_word' id='word_1_66' title='bbox 933 704 1011 740; x_wconf 85' lang='lat' dir='ltr'><em>quae</em></span> <span class='ocrx_word' id='word_1_67' title='bbox 1033 695 1169 739; x_wconf 71' lang='lat' dir='ltr'><em>tyranni</em></span> <span class='ocrx_word' id='word_1_68' title='bbox 1190 692 1226 727; x_wconf 89' lang='lat' dir='ltr'><em>de</em></span> <span class='ocrx_word' id='word_1_69' title='bbox 1240 690 1628 739; x_wconf 62' lang='lat' dir='ltr'><em>misterissumfirunt‚&amp;</em></span> <span class='ocrx_word' id='word_1_70' title='bbox 1645 694 1721 727; x_wconf 83' lang='lat' dir='ltr'><em>aliis</em></span> 
     </span>
     <span class='ocr_line' id='line_1_10' title="bbox 258 740 1722 787; baseline -0.003 -10"><span class='ocrx_word' id='word_1_71' title='bbox 258 743 433 785; x_wconf 84' lang='lat' dir='ltr'><em>dederunt,</em></span> <span class='ocrx_word' id='word_1_72' title='bbox 459 743 560 778; x_wconf 80' lang='lat' dir='ltr'><em>eodem</em></span> <span class='ocrx_word' id='word_1_73' title='bbox 585 744 725 777; x_wconf 80' lang='lat' dir='ltr'><em>carmine</em></span> <span class='ocrx_word' id='word_1_74' title='bbox 746 741 952 786; x_wconf 76' lang='lat' dir='ltr'><em>referuntur.</em></span> <span class='ocrx_word' id='word_1_75' title='bbox 1004 740 1212 787; x_wconf 83' lang='lat' dir='ltr'><em>Inprobatum</em></span> <span class='ocrx_word' id='word_1_76' title='bbox 1229 741 1375 785; x_wconf 72' lang='lat' dir='ltr'><em>loquendi</em></span> <span class='ocrx_word' id='word_1_77' title='bbox 1391 751 1511 786; x_wconf 82' lang='lat' dir='ltr'><em>genus,</em></span> <span class='ocrx_word' id='word_1_78' title='bbox 1537 741 1630 774; x_wconf 85' lang='lat' dir='ltr'><em>herba</em></span> <span class='ocrx_word' id='word_1_79' title='bbox 1646 751 1722 786; x_wconf 75' lang='lat' dir='ltr'><em>gra·</em></span> 
     </span>
     <span class='ocr_line' id='line_1_11' title="bbox 256 787 1721 837; baseline -0.002 -11"><span class='ocrx_word' id='word_1_80' title='bbox 256 801 327 826; x_wconf 82' lang='lat' dir='ltr'><em>men</em></span> <span class='ocrx_word' id='word_1_81' title='bbox 346 792 472 827; x_wconf 78' lang='lat' dir='ltr'><em>habens.</em></span> <span class='ocrx_word' id='word_1_82' title='bbox 533 790 752 826; x_wconf 85' lang='lat' dir='ltr'><em>Intolerabilis</em></span> <span class='ocrx_word' id='word_1_83' title='bbox 767 791 898 825; x_wconf 80' lang='lat' dir='ltr'><em>videtur</em></span> <span class='ocrx_word' id='word_1_84' title='bbox 914 791 1098 832; x_wconf 83' lang='lat' dir='ltr'><em>barbaries,</em></span> <span class='ocrx_word' id='word_1_85' title='bbox 1126 787 1254 837; x_wconf 73' lang='lat' dir='ltr'><em>Quique</em></span> <span class='ocrx_word' id='word_1_86' title='bbox 1272 795 1380 823; x_wconf 86' lang='lat' dir='ltr'><em>tenent</em></span> <span class='ocrx_word' id='word_1_87' title='bbox 1394 795 1539 834; x_wconf 85' lang='lat' dir='ltr'><em>pontem,</em></span> <span class='ocrx_word' id='word_1_88' title='bbox 1567 800 1644 834; x_wconf 76' lang='lat' dir='ltr'><em>qnae</em></span> <span class='ocrx_word' id='word_1_89' title='bbox 1662 791 1721 823; x_wconf 82' lang='lat' dir='ltr'><em>tibi</em></span> 
     </span>
     <span class='ocr_line' id='line_1_12' title="bbox 255 835 1720 885; baseline -0.002 -12"><span class='ocrx_word' id='word_1_90' title='bbox 255 839 359 885; x_wconf 85' lang='lat' dir='ltr'><em>major</em></span> <span class='ocrx_word' id='word_1_91' title='bbox 374 842 448 876; x_wconf 75' lang='lat' dir='ltr'><em>erit.</em></span> <span class='ocrx_word' id='word_1_92' title='bbox 502 839 662 881; x_wconf 80' lang='lat' dir='ltr'><em>Ovidius,</em></span> <span class='ocrx_word' id='word_1_93' title='bbox 690 841 856 874; x_wconf 81' lang='lat' dir='ltr'><em>inimicum</em></span> <span class='ocrx_word' id='word_1_94' title='bbox 879 839 1061 881; x_wconf 79' lang='lat' dir='ltr'><em>devo-vens,</em></span> <span class='ocrx_word' id='word_1_95' title='bbox 1088 844 1200 883; x_wconf 72' lang='lat' dir='ltr'><em>optat5</em></span> <span class='ocrx_word' id='word_1_96' title='bbox 1233 835 1437 882; x_wconf 80' lang='lat' dir='ltr'><em>Temporibus</em></span> <span class='ocrx_word' id='word_1_97' title='bbox 1458 842 1564 871; x_wconf 85' lang='lat' dir='ltr'><em>autem</em></span> <span class='ocrx_word' id='word_1_98' title='bbox 1584 835 1720 872; x_wconf 81' lang='lat' dir='ltr'><em>Futuris</em></span> 
     </span>
     <span class='ocr_line' id='line_1_13' title="bbox 256 883 1722 933; baseline -0.001 -11"><span class='ocrx_word' id='word_1_99' title='bbox 256 899 318 922; x_wconf 87' lang='lat' dir='ltr'><em>non</em></span> <span class='ocrx_word' id='word_1_100' title='bbox 334 890 453 923; x_wconf 86' lang='lat' dir='ltr'><em>utitur.</em></span> <span class='ocrx_word' id='word_1_101' title='bbox 510 886 659 933; x_wconf 84' lang='lat' dir='ltr'><em>lnficetae</em></span> <span class='ocrx_word' id='word_1_102' title='bbox 677 898 785 923; x_wconf 85' lang='lat' dir='ltr'><em>rerum</em></span> <span class='ocrx_word' id='word_1_103' title='bbox 809 889 1036 933; x_wconf 82' lang='lat' dir='ltr'><em>verborumque</em></span> <span class='ocrx_word' id='word_1_104' title='bbox 1052 888 1255 933; x_wconf 83' lang='lat' dir='ltr'><em>repetitiones</em></span> <span class='ocrx_word' id='word_1_105' title='bbox 1261 883 1357 931; x_wconf 83' lang='lat' dir='ltr'><em>saepe</em></span> <span class='ocrx_word' id='word_1_106' title='bbox 1363 884 1495 931; x_wconf 77' lang='lat' dir='ltr'><em>spurios</em></span> <span class='ocrx_word' id='word_1_107' title='bbox 1512 883 1623 930; x_wconf 83' lang='lat' dir='ltr'><em>versus</em></span> <span class='ocrx_word' id='word_1_108' title='bbox 1638 886 1722 920; x_wconf 83' lang='lat' dir='ltr'><em>indi·</em></span> 
     </span>
     <span class='ocr_line' id='line_1_14' title="bbox 258 931 1722 981; baseline -0.001 -12"><span class='ocrx_word' id='word_1_109' title='bbox 258 943 344 971; x_wconf 84' lang='lat' dir='ltr'><em>cant.</em></span> <span class='ocrx_word' id='word_1_110' title='bbox 403 935 572 981; x_wconf 79' lang='lat' dir='ltr'><em>Tereides,</em></span> <span class='ocrx_word' id='word_1_111' title='bbox 595 936 779 971; x_wconf 82' lang='lat' dir='ltr'><em>inauditum</em></span> <span class='ocrx_word' id='word_1_112' title='bbox 796 934 953 971; x_wconf 84' lang='lat' dir='ltr'><em>Romanis</em></span> <span class='ocrx_word' id='word_1_113' title='bbox 971 947 1104 977; x_wconf 86' lang='lat' dir='ltr'><em>nomen,</em></span> <span class='ocrx_word' id='word_1_114' title='bbox 1138 935 1338 980; x_wconf 79' lang='lat' dir='ltr'><em>inprobatur.</em></span> <span class='ocrx_word' id='word_1_115' title='bbox 1388 933 1424 968; x_wconf 91' lang='lat' dir='ltr'><em>A</em></span> <span class='ocrx_word' id='word_1_116' title='bbox 1446 932 1564 967; x_wconf 84' lang='lat' dir='ltr'><em>Tereus</em></span> <span class='ocrx_word' id='word_1_117' title='bbox 1574 931 1722 976; x_wconf 79' lang='lat' dir='ltr'><em>formari</em></span> 
     </span>
     <span class='ocr_line' id='line_1_15' title="bbox 258 979 1721 1029; baseline -0.001 -11"><span class='ocrx_word' id='word_1_118' title='bbox 258 985 344 1019; x_wconf 81' lang='lat' dir='ltr'><em>debet</em></span> <span class='ocrx_word' id='word_1_119' title='bbox 375 983 516 1020; x_wconf 83' lang='lat' dir='ltr'><em>Terides.</em></span> <span class='ocrx_word' id='word_1_120' title='bbox 579 984 703 1021; x_wconf 83' lang='lat' dir='ltr'><em>Tereos.</em></span> <span class='ocrx_word' id='word_1_121' title='bbox 762 982 945 1029; x_wconf 83' lang='lat' dir='ltr'><em>Heinfius,</em></span> <span class='ocrx_word' id='word_1_122' title='bbox 978 983 1164 1029; x_wconf 69' lang='lat' dir='ltr'><em>Micyllus,</em></span> <span class='ocrx_word' id='word_1_123' title='bbox 1200 979 1241 1021; x_wconf 51' lang='grc' dir='ltr'><em>ἐξ</em></span> <span class='ocrx_word' id='word_1_124' title='bbox 1271 981 1484 1016; x_wconf 81' lang='lat' dir='ltr'><em>Burmannus</em></span> <span class='ocrx_word' id='word_1_125' title='bbox 1506 979 1721 1023; x_wconf 83' lang='lat' dir='ltr'><em>refelluntur.</em></span> 
     </span>
     <span class='ocr_line' id='line_1_16' title="bbox 261 1028 1720 1081; baseline -0.002 -13"><span class='ocrx_word' id='word_1_126' title='bbox 261 1030 376 1081; x_wconf 65' lang='lat' dir='ltr'><em>Qum,</em></span> <span class='ocrx_word' id='word_1_127' title='bbox 412 1035 466 1068; x_wconf 80' lang='lat' dir='ltr'><em>vel</em></span> <span class='ocrx_word' id='word_1_128' title='bbox 488 1035 543 1080; x_wconf 84' lang='lat' dir='ltr'><em>qui</em></span> <span class='ocrx_word' id='word_1_129' title='bbox 567 1031 702 1068; x_wconf 85' lang='lat' dir='ltr'><em>Macedo</em></span> <span class='ocrx_word' id='word_1_130' title='bbox 721 1030 868 1077; x_wconf 84' lang='lat' dir='ltr'><em>fulmine</em></span> <span class='ocrx_word' id='word_1_131' title='bbox 893 1044 964 1067; x_wconf 82' lang='lat' dir='ltr'><em>cum</em></span> <span class='ocrx_word' id='word_1_132' title='bbox 989 1032 1121 1077; x_wconf 82' lang='lat' dir='ltr'><em>conjuge</em></span> <span class='ocrx_word' id='word_1_133' title='bbox 1138 1029 1182 1074; x_wconf 78' lang='lat' dir='ltr'><em>fit</em></span> <span class='ocrx_word' id='word_1_134' title='bbox 1203 1028 1368 1076; x_wconf 81' lang='lat' dir='ltr'><em>percuffus</em></span> <span class='ocrx_word' id='word_1_135' title='bbox 1386 1053 1397 1072; x_wconf 87' lang='lat'>,</span> <span class='ocrx_word' id='word_1_136' title='bbox 1428 1030 1575 1075; x_wconf 82' lang='lat' dir='ltr'><em>intelligi</em></span> <span class='ocrx_word' id='word_1_137' title='bbox 1598 1033 1720 1075; x_wconf 83' lang='lat' dir='ltr'><em>nequit.</em></span> 
     </span>
     <span class='ocr_line' id='line_1_17' title="bbox 259 1078 1723 1126; baseline -0.002 -10"><span class='ocrx_word' id='word_1_138' title='bbox 259 1081 433 1119; x_wconf 64' lang='grc' dir='ltr'><em>Μακεὸνδς.</em></span> <span class='ocrx_word' id='word_1_139' title='bbox 460 1080 733 1126; x_wconf 83' lang='lat' dir='ltr'><em>Interpolatorum</em></span> <span class='ocrx_word' id='word_1_140' title='bbox 749 1079 936 1126; x_wconf 85' lang='lat' dir='ltr'><em>consuetudo</em></span> <span class='ocrx_word' id='word_1_141' title='bbox 946 1079 1042 1123; x_wconf 84' lang='lat' dir='ltr'><em>fuit,</em></span> <span class='ocrx_word' id='word_1_142' title='bbox 1060 1088 1096 1113; x_wconf 88' lang='lat' dir='ltr'><em>ut</em></span> <span class='ocrx_word' id='word_1_143' title='bbox 1113 1080 1264 1123; x_wconf 84' lang='lat' dir='ltr'><em>exemplis</em></span> <span class='ocrx_word' id='word_1_144' title='bbox 1276 1102 1285 1119; x_wconf 93' lang='lat'>‚</span> <span class='ocrx_word' id='word_1_145' title='bbox 1302 1080 1339 1112; x_wconf 91' lang='lat' dir='ltr'><em>ab</em></span> <span class='ocrx_word' id='word_1_146' title='bbox 1359 1078 1480 1113; x_wconf 86' lang='lat' dir='ltr'><em>Ovidio</em></span> <span class='ocrx_word' id='word_1_147' title='bbox 1496 1078 1627 1120; x_wconf 83' lang='lat' dir='ltr'><em>relatis,</em></span> <span class='ocrx_word' id='word_1_148' title='bbox 1655 1080 1723 1113; x_wconf 84' lang='lat' dir='ltr'><em>alia</em></span> 
     </span>
     <span class='ocr_line' id='line_1_18' title="bbox 246 1124 1721 1176; baseline 0 -14"><span class='ocrx_word' id='word_1_149' title='bbox 246 1127 386 1174; x_wconf 83' lang='lat' dir='ltr'><em>subinde</em></span> <span class='ocrx_word' id='word_1_150' title='bbox 408 1127 630 1175; x_wconf 81' lang='lat' dir='ltr'><em>intempestive</em></span> <span class='ocrx_word' id='word_1_151' title='bbox 638 1129 863 1176; x_wconf 79' lang='lat' dir='ltr'><em>subtexerent.</em></span> <span class='ocrx_word' id='word_1_152' title='bbox 914 1127 1100 1162; x_wconf 83' lang='lat' dir='ltr'><em>Burmanni</em></span> <span class='ocrx_word' id='word_1_153' title='bbox 1124 1126 1159 1160; x_wconf 84' lang='lat' dir='ltr'><em>de</em></span> <span class='ocrx_word' id='word_1_154' title='bbox 1170 1124 1246 1170; x_wconf 64' lang='lat' dir='ltr'><em>fifto</em></span> <span class='ocrx_word' id='word_1_155' title='bbox 1262 1124 1390 1170; x_wconf 80' lang='lat' dir='ltr'><em>disticho</em></span> <span class='ocrx_word' id='word_1_156' title='bbox 1397 1124 1562 1170; x_wconf 81' lang='lat' dir='ltr'><em>sententia</em></span> <span class='ocrx_word' id='word_1_157' title='bbox 1578 1127 1721 1171; x_wconf 81' lang='lat' dir='ltr'><em>probata.</em></span> 
     </span>
     <span class='ocr_line' id='line_1_19' title="bbox 258 1172 1725 1222; baseline -0.001 -11"><span class='ocrx_word' id='word_1_158' title='bbox 258 1176 448 1222; x_wconf 84' lang='lat' dir='ltr'><em>Aglauros,</em></span> <span class='ocrx_word' id='word_1_159' title='bbox 483 1178 586 1211; x_wconf 87' lang='lat' dir='ltr'><em>livore</em></span> <span class='ocrx_word' id='word_1_160' title='bbox 611 1183 790 1219; x_wconf 82' lang='lat' dir='ltr'><em>macerata,</em></span> <span class='ocrx_word' id='word_1_161' title='bbox 816 1175 854 1220; x_wconf 87' lang='lat' dir='ltr'><em>se</em></span> <span class='ocrx_word' id='word_1_162' title='bbox 874 1173 1099 1221; x_wconf 79' lang='lat' dir='ltr'><em>praecipitaffe</em></span> <span class='ocrx_word' id='word_1_163' title='bbox 1113 1172 1242 1218; x_wconf 88' lang='lat' dir='ltr'><em>fertur.</em></span> <span class='ocrx_word' id='word_1_164' title='bbox 1302 1173 1355 1208; x_wconf 84' lang='lat' dir='ltr'><em>De</em></span> <span class='ocrx_word' id='word_1_165' title='bbox 1379 1175 1507 1216; x_wconf 81' lang='lat' dir='ltr'><em>verbis,</em></span> <span class='ocrx_word' id='word_1_166' title='bbox 1534 1172 1653 1221; x_wconf 73' lang='lat' dir='ltr'><em>Phryx</em></span> <span class='ocrx_word' id='word_1_167' title='bbox 1680 1173 1725 1215; x_wconf 63' lang='lat'><em>65⁹</em></span> 
     </span>
     <span class='ocr_line' id='line_1_20' title="bbox 262 1221 1725 1270; baseline -0.001 -11"><span class='ocrx_word' id='word_1_168' title='bbox 262 1232 400 1259; x_wconf 79' lang='lat' dir='ltr'><em>venator</em></span> <span class='ocrx_word' id='word_1_169' title='bbox 414 1223 460 1269; x_wconf 85' lang='lat' dir='ltr'><em>fis</em></span> <span class='ocrx_word' id='word_1_170' title='bbox 486 1223 745 1270; x_wconf 76' lang='lat' dir='ltr'><em>Berecyntiades.</em></span> <span class='ocrx_word' id='word_1_171' title='bbox 798 1223 906 1258; x_wconf 78' lang='lat' dir='ltr'><em>Attis.</em></span> <span class='ocrx_word' id='word_1_172' title='bbox 957 1221 1096 1258; x_wconf 87' lang='lat' dir='ltr'><em>Novum</em></span> <span class='ocrx_word' id='word_1_173' title='bbox 1124 1229 1243 1268; x_wconf 84' lang='lat' dir='ltr'><em>poenae</em></span> <span class='ocrx_word' id='word_1_174' title='bbox 1271 1232 1373 1268; x_wconf 84' lang='lat' dir='ltr'><em>genus</em></span> <span class='ocrx_word' id='word_1_175' title='bbox 1403 1224 1439 1256; x_wconf 90' lang='lat' dir='ltr'><em>in</em></span> <span class='ocrx_word' id='word_1_176' title='bbox 1463 1223 1510 1256; x_wconf 83' lang='lat' dir='ltr'><em>his</em></span> <span class='ocrx_word' id='word_1_177' title='bbox 1537 1221 1637 1257; x_wconf 84' lang='lat' dir='ltr'><em>Diris</em></span> <span class='ocrx_word' id='word_1_178' title='bbox 1653 1222 1725 1267; x_wconf 89' lang='lat' dir='ltr'><em>solo</em></span> 
     </span>
     <span class='ocr_line' id='line_1_21' title="bbox 260 1269 1725 1318; baseline -0.001 -11"><span class='ocrx_word' id='word_1_179' title='bbox 260 1271 357 1318; x_wconf 83' lang='lat' dir='ltr'><em>versu</em></span> <span class='ocrx_word' id='word_1_180' title='bbox 372 1279 569 1317; x_wconf 78' lang='lat' dir='ltr'><em>pentametro</em></span> <span class='ocrx_word' id='word_1_181' title='bbox 586 1284 647 1308; x_wconf 89' lang='lat' dir='ltr'><em>non</em></span> <span class='ocrx_word' id='word_1_182' title='bbox 663 1270 812 1318; x_wconf 85' lang='lat' dir='ltr'><em>effertur.</em></span> <span class='ocrx_word' id='word_1_183' title='bbox 870 1271 1012 1307; x_wconf 82' lang='lat' dir='ltr'><em>Conatus</em></span> <span class='ocrx_word' id='word_1_184' title='bbox 1033 1269 1163 1315; x_wconf 86' lang='lat' dir='ltr'><em>Heinfii</em></span> <span class='ocrx_word' id='word_1_185' title='bbox 1185 1269 1351 1316; x_wconf 75' lang='lat' dir='ltr'><em>repreffus.</em></span> <span class='ocrx_word' id='word_1_186' title='bbox 1402 1269 1461 1305; x_wconf 89' lang='lat' dir='ltr'><em>An</em></span> <span class='ocrx_word' id='word_1_187' title='bbox 1485 1270 1630 1305; x_wconf 80' lang='lat' dir='ltr'><em>Ovidius</em></span> <span class='ocrx_word' id='word_1_188' title='bbox 1646 1269 1725 1316; x_wconf 75' lang='lat' dir='ltr'><em>exst-</em></span> 
     </span>
     <span class='ocr_line' id='line_1_22' title="bbox 259 1318 1723 1367; baseline -0.001 -12"><span class='ocrx_word' id='word_1_189' title='bbox 259 1322 340 1355; x_wconf 84' lang='lat' dir='ltr'><em>lt&#39;um</em></span> <span class='ocrx_word' id='word_1_190' title='bbox 355 1320 452 1365; x_wconf 79' lang='lat' dir='ltr'><em>suum</em></span> <span class='ocrx_word' id='word_1_191' title='bbox 482 1324 595 1367; x_wconf 69' lang='lat' dir='ltr'><em>quovis</em></span> <span class='ocrx_word' id='word_1_192' title='bbox 608 1320 766 1367; x_wconf 82' lang='lat' dir='ltr'><em>supplicii</em></span> <span class='ocrx_word' id='word_1_193' title='bbox 788 1318 959 1360; x_wconf 76' lang='lat' dir='ltr'><em>&amp;mortis</em></span> <span class='ocrx_word' id='word_1_194' title='bbox 984 1331 1096 1367; x_wconf 85' lang='lat' dir='ltr'><em>genere</em></span> <span class='ocrx_word' id='word_1_195' title='bbox 1112 1321 1252 1365; x_wconf 80' lang='lat' dir='ltr'><em>gravius</em></span> <span class='ocrx_word' id='word_1_196' title='bbox 1272 1318 1313 1359; x_wconf 56' lang='grc' dir='ltr'><em>ἐξ</em></span> <span class='ocrx_word' id='word_1_197' title='bbox 1330 1318 1566 1354; x_wconf 80' lang='lat' dir='ltr'><em>intolerabilius</em></span> <span class='ocrx_word' id='word_1_198' title='bbox 1582 1320 1723 1354; x_wconf 81' lang='lat' dir='ltr'><em>declara-</em></span> 
     </span>
    </p>
   </div>
   <div class='ocr_carea' id='block_1_3' title="bbox 260 1366 1724 1456">
    <p class='ocr_par' dir='ltr' id='par_1_3' title="bbox 260 1366 1724 1456">
     <span class='ocr_line' id='line_1_23' title="bbox 260 1366 1724 1418; baseline 0 -15"><span class='ocrx_word' id='word_1_199' title='bbox 260 1371 373 1404; x_wconf 75' lang='lat' dir='ltr'><em>verit?</em></span> <span class='ocrx_word' id='word_1_200' title='bbox 405 1368 580 1416; x_wconf 84' lang='lat' dir='ltr'><em>Versuum,</em></span> <span class='ocrx_word' id='word_1_201' title='bbox 606 1380 680 1418; x_wconf 81' lang='lat' dir='ltr'><em>quos</em></span> <span class='ocrx_word' id='word_1_202' title='bbox 708 1368 826 1405; x_wconf 78' lang='lat' dir='ltr'><em>Critici</em></span> <span class='ocrx_word' id='word_1_203' title='bbox 848 1370 1063 1413; x_wconf 82' lang='lat' dir='ltr'><em>damnavere,</em></span> <span class='ocrx_word' id='word_1_204' title='bbox 1090 1370 1218 1404; x_wconf 86' lang='lat' dir='ltr'><em>comites</em></span> <span class='ocrx_word' id='word_1_205' title='bbox 1229 1366 1327 1415; x_wconf 84' lang='lat' dir='ltr'><em>saepe</em></span> <span class='ocrx_word' id='word_1_206' title='bbox 1352 1368 1446 1414; x_wconf 84' lang='lat' dir='ltr'><em>digni</em></span> <span class='ocrx_word' id='word_1_207' title='bbox 1449 1366 1555 1414; x_wconf 85' lang='lat' dir='ltr'><em>sunt,</em></span> <span class='ocrx_word' id='word_1_208' title='bbox 1584 1369 1724 1415; x_wconf 72' lang='lat' dir='ltr'><em>quipari</em></span> 
     </span>
     <span class='ocr_line' id='line_1_24' title="bbox 261 1425 1589 1456; baseline 0.002 -3"><span class='ocrx_word' id='word_1_209' title='bbox 261 1425 337 1453; x_wconf 85' lang='lat' dir='ltr'><em>nota</em></span> <span class='ocrx_word' id='word_1_210' title='bbox 356 1425 520 1456; x_wconf 80' lang='lat' dir='ltr'><em>notentur.</em></span> <span class='ocrx_word' id='word_1_211' title='bbox 1585 1436 1589 1438; x_wconf 86' lang='lat'><em>-</em></span> 
     </span>
    </p>
   </div>
   <div class='ocr_carea' id='block_1_4' title="bbox 217 1528 850 1638">
    <p class='ocr_par' dir='ltr' id='par_1_4' title="bbox 217 1528 850 1638">
     <span class='ocr_line' id='line_1_25' title="bbox 217 1528 850 1638; baseline -0.006 -17"><span class='ocrx_word' id='word_1_212' title='bbox 217 1528 463 1638; x_wconf 73' lang='lat' dir='ltr'><em>Ovidius</em></span> <span class='ocrx_word' id='word_1_213' title='bbox 492 1581 531 1620; x_wconf 89' lang='lat' dir='ltr'><em>in</em></span> <span class='ocrx_word' id='word_1_214' title='bbox 561 1579 651 1619; x_wconf 88' lang='lat' dir='ltr'><em>Ibin</em></span> <span class='ocrx_word' id='word_1_215' title='bbox 681 1590 719 1618; x_wconf 88' lang='lat' dir='ltr'><em>v.</em></span> <span class='ocrx_word' id='word_1_216' title='bbox 754 1580 850 1629; x_wconf 87' lang='lat'><em>287.</em></span> 
     </span>
    </p>
   </div>
   <div class='ocr_carea' id='block_1_5' title="bbox 437 1667 1605 2121">
    <p class='ocr_par' dir='ltr' id='par_1_5' title="bbox 437 1667 1458 1778">
     <span class='ocr_line' id='line_1_26' title="bbox 437 1667 1458 1723; baseline -0.004 -10"><span class='ocrx_word' id='word_1_217' title='bbox 437 1675 548 1719; x_wconf 77' lang='lat' dir='ltr'><em>Aut,</em></span> <span class='ocrx_word' id='word_1_218' title='bbox 578 1671 683 1711; x_wconf 84' lang='lat' dir='ltr'><em>velut</em></span> <span class='ocrx_word' id='word_1_219' title='bbox 701 1669 891 1723; x_wconf 73' lang='lat' dir='ltr'><em>Euryali,</em></span> <span class='ocrx_word' id='word_1_220' title='bbox 922 1670 986 1722; x_wconf 78' lang='lat' dir='ltr'><em>qui</em></span> <span class='ocrx_word' id='word_1_221' title='bbox 991 1667 1181 1722; x_wconf 80' lang='lat' dir='ltr'><em>sceptrum</em></span> <span class='ocrx_word' id='word_1_222' title='bbox 1201 1670 1293 1722; x_wconf 82' lang='lat' dir='ltr'><em>cepit</em></span> <span class='ocrx_word' id='word_1_223' title='bbox 1310 1669 1358 1711; x_wconf 84' lang='lat' dir='ltr'><em>ab</em></span> <span class='ocrx_word' id='word_1_224' title='bbox 1375 1669 1458 1718; x_wconf 75' lang='lat' dir='ltr'><em>illo,</em></span> 
     </span>
     <span class='ocr_line' id='line_1_27' title="bbox 494 1723 1219 1778; baseline -0.007 -9"><span class='ocrx_word' id='word_1_225' title='bbox 494 1728 580 1769; x_wconf 78' lang='lat' dir='ltr'><em>Sint</em></span> <span class='ocrx_word' id='word_1_226' title='bbox 596 1735 705 1767; x_wconf 81' lang='lat' dir='ltr'><em>artus</em></span> <span class='ocrx_word' id='word_1_227' title='bbox 720 1726 846 1767; x_wconf 74' lang='lat' dir='ltr'><em>avidis</em></span> <span class='ocrx_word' id='word_1_228' title='bbox 862 1725 1041 1778; x_wconf 81' lang='lat' dir='ltr'><em>anguibus</em></span> <span class='ocrx_word' id='word_1_229' title='bbox 1058 1723 1134 1778; x_wconf 86' lang='lat' dir='ltr'><em>esca</em></span> <span class='ocrx_word' id='word_1_230' title='bbox 1151 1727 1219 1764; x_wconf 82' lang='lat' dir='ltr'><em>tui.</em></span> 
     </span>
    </p>

    <p class='ocr_par' dir='ltr' id='par_1_6' title="bbox 444 1779 1372 1893">
     <span class='ocr_line' id='line_1_28' title="bbox 444 1779 1222 1835; baseline -0.006 -9"><span class='ocrx_word' id='word_1_231' title='bbox 444 1785 514 1826; x_wconf 90' lang='lat' dir='ltr'><em>Vel</em></span> <span class='ocrx_word' id='word_1_232' title='bbox 529 1793 595 1826; x_wconf 79' lang='lat' dir='ltr'><em>tua</em></span> <span class='ocrx_word' id='word_1_233' title='bbox 614 1791 798 1830; x_wconf 79' lang='lat' dir='ltr'><em>maturet,</em></span> <span class='ocrx_word' id='word_1_234' title='bbox 820 1782 919 1835; x_wconf 82' lang='lat' dir='ltr'><em>ficut</em></span> <span class='ocrx_word' id='word_1_235' title='bbox 936 1779 1086 1822; x_wconf 63' lang='lat' dir='ltr'><em>oesino&#39;m</em></span> <span class='ocrx_word' id='word_1_236' title='bbox 1098 1779 1222 1834; x_wconf 81' lang='lat' dir='ltr'><em>fata,</em></span> 
     </span>
     <span class='ocr_line' id='line_1_29' title="bbox 497 1836 1372 1893; baseline -0.005 -11"><span class='ocrx_word' id='word_1_237' title='bbox 497 1842 576 1882; x_wconf 88' lang='lat' dir='ltr'><em>Per</em></span> <span class='ocrx_word' id='word_1_238' title='bbox 594 1848 705 1893; x_wconf 85' lang='lat' dir='ltr'><em>caput</em></span> <span class='ocrx_word' id='word_1_239' title='bbox 722 1837 868 1893; x_wconf 82' lang='lat' dir='ltr'><em>infusae</em></span> <span class='ocrx_word' id='word_1_240' title='bbox 877 1836 1062 1891; x_wconf 81' lang='lat' dir='ltr'><em>fervidus</em></span> <span class='ocrx_word' id='word_1_241' title='bbox 1081 1839 1211 1879; x_wconf 74' lang='lat' dir='ltr'><em>humor</em></span> <span class='ocrx_word' id='word_1_242' title='bbox 1229 1851 1347 1893; x_wconf 79' lang='lat' dir='ltr'><em>aquae</em></span> <span class='ocrx_word' id='word_1_243' title='bbox 1359 1851 1372 1878; x_wconf 85' lang='lat'><em>.·</em></span> 
     </span>
    </p>

    <p class='ocr_par' dir='ltr' id='par_1_7' title="bbox 439 1894 1605 2004">
     <span class='ocr_line' id='line_1_30' title="bbox 439 1894 1605 1954; baseline -0.003 -16"><span class='ocrx_word' id='word_1_244' title='bbox 439 1899 598 1954; x_wconf 83' lang='lat' dir='ltr'><em>[thue</em></span> <span class='ocrx_word' id='word_1_245' title='bbox 615 1910 753 1949; x_wconf 81' lang='lat' dir='ltr'><em>parum</em></span> <span class='ocrx_word' id='word_1_246' title='bbox 773 1897 898 1942; x_wconf 85' lang='lat' dir='ltr'><em>mitis,</em></span> <span class='ocrx_word' id='word_1_247' title='bbox 928 1894 993 1935; x_wconf 83' lang='lat' dir='ltr'><em>sed</em></span> <span class='ocrx_word' id='word_1_248' title='bbox 1010 1907 1092 1933; x_wconf 87' lang='lat' dir='ltr'><em>non</em></span> <span class='ocrx_word' id='word_1_249' title='bbox 1109 1896 1291 1948; x_wconf 72' lang='lat' dir='ltr'><em>impune,</em></span> <span class='ocrx_word' id='word_1_250' title='bbox 1323 1895 1605 1942; x_wconf 81' lang='lat' dir='ltr'><em>Prometheus,</em></span> 
     </span>
     <span class='ocr_line' id='line_1_31' title="bbox 496 1950 1289 2004; baseline -0.008 -9"><span class='ocrx_word' id='word_1_251' title='bbox 496 1956 634 1995; x_wconf 70' lang='lat' dir='ltr'><em>Aerias</em></span> <span class='ocrx_word' id='word_1_252' title='bbox 652 1954 834 1993; x_wconf 84' lang='lat' dir='ltr'><em>volucres</em></span> <span class='ocrx_word' id='word_1_253' title='bbox 853 1952 1039 2004; x_wconf 76' lang='lat' dir='ltr'><em>sanguine</em></span> <span class='ocrx_word' id='word_1_254' title='bbox 1056 1950 1153 1991; x_wconf 72' lang='lat' dir='ltr'><strong>fixus</strong></span> <span class='ocrx_word' id='word_1_255' title='bbox 1172 1951 1289 2004; x_wconf 65' lang='lat' dir='ltr'>alas]</span> 
     </span>
    </p>

    <p class='ocr_par' dir='ltr' id='par_1_8' title="bbox 441 2008 1548 2121">
     <span class='ocr_line' id='line_1_32' title="bbox 441 2008 1548 2062; baseline -0.005 -10"><span class='ocrx_word' id='word_1_256' title='bbox 441 2010 530 2053; x_wconf 73' lang='lat' dir='ltr'><em>Aut</em></span> <span class='ocrx_word' id='word_1_257' title='bbox 545 2011 650 2051; x_wconf 81' lang='lat' dir='ltr'><em>velut</em></span> <span class='ocrx_word' id='word_1_258' title='bbox 667 2008 891 2055; x_wconf 60' lang='lat' dir='ltr'><em>Emonam,</em></span> <span class='ocrx_word' id='word_1_259' title='bbox 911 2020 1041 2059; x_wconf 86' lang='lat' dir='ltr'><em>magno</em></span> <span class='ocrx_word' id='word_1_260' title='bbox 1058 2014 1118 2047; x_wconf 80' lang='lat' dir='ltr'><em>ter</em></span> <span class='ocrx_word' id='word_1_261' title='bbox 1133 2009 1180 2048; x_wconf 86' lang='lat' dir='ltr'><em>ab</em></span> <span class='ocrx_word' id='word_1_262' title='bbox 1196 2008 1364 2048; x_wconf 79' lang='lat' dir='ltr'><em>Hercule</em></span> <span class='ocrx_word' id='word_1_263' title='bbox 1377 2009 1548 2062; x_wconf 73' lang='lat' dir='ltr'><em>quintus,</em></span> 
     </span>
     <span class='ocr_line' id='line_1_33' title="bbox 503 2062 1310 2121; baseline -0.006 -13"><span class='ocrx_word' id='word_1_264' title='bbox 503 2065 636 2121; x_wconf 80' lang='lat' dir='ltr'><em>Caesus</em></span> <span class='ocrx_word' id='word_1_265' title='bbox 652 2067 690 2107; x_wconf 75' lang='lat' dir='ltr'><em>in</em></span> <span class='ocrx_word' id='word_1_266' title='bbox 706 2063 913 2117; x_wconf 75' lang='lat' dir='ltr'><em>immensum</em></span> <span class='ocrx_word' id='word_1_267' title='bbox 932 2064 1138 2118; x_wconf 77' lang='lat' dir='ltr'><em>projiciare</em></span> <span class='ocrx_word' id='word_1_268' title='bbox 1145 2062 1310 2116; x_wconf 78' lang='lat' dir='ltr'><em>fretum.</em></span> 
     </span>
    </p>
   </div>
   <div class='ocr_carea' id='block_1_6' title="bbox 216 2155 1719 2434">
    <p class='ocr_par' dir='ltr' id='par_1_9' title="bbox 216 2155 1719 2423">
     <span class='ocr_line' id='line_1_34' title="bbox 217 2155 1719 2220; baseline -0.006 -14"><span class='ocrx_word' id='word_1_269' title='bbox 217 2165 389 2220; x_wconf 82' lang='lat' dir='ltr'><em>Egregie</em></span> <span class='ocrx_word' id='word_1_270' title='bbox 415 2161 642 2213; x_wconf 78' lang='lat' dir='ltr'><em>Salvagnius</em></span> <span class='ocrx_word' id='word_1_271' title='bbox 668 2159 715 2200; x_wconf 82' lang='lat' dir='ltr'><em>ad</em></span> <span class='ocrx_word' id='word_1_272' title='bbox 750 2171 848 2207; x_wconf 79' lang='lat'>291:</span> <span class='ocrx_word' id='word_1_273' title='bbox 887 2184 918 2204; x_wconf 60' lang='lat'><em>‚7</em></span> <span class='ocrx_word' id='word_1_274' title='bbox 935 2157 991 2197; x_wconf 86' lang='lat' dir='ltr'><em>Hi</em></span> <span class='ocrx_word' id='word_1_275' title='bbox 1023 2156 1103 2196; x_wconf 85' lang='lat' dir='ltr'><em>duo</em></span> <span class='ocrx_word' id='word_1_276' title='bbox 1118 2157 1289 2196; x_wconf 79' lang='lat' dir='ltr'><em>Nasonis</em></span> <span class='ocrx_word' id='word_1_277' title='bbox 1311 2157 1444 2197; x_wconf 83' lang='lat' dir='ltr'><em>versus</em></span> <span class='ocrx_word' id='word_1_278' title='bbox 1468 2155 1719 2210; x_wconf 79' lang='lat' dir='ltr'><em>expungendi</em></span> 
     </span>
     <span class='ocr_line' id='line_1_35' title="bbox 219 2212 1718 2271; baseline -0.005 -9"><span class='ocrx_word' id='word_1_279' title='bbox 219 2250 248 2271; x_wconf 79' lang='lat'><strong>„</strong></span> <span class='ocrx_word' id='word_1_280' title='bbox 278 2222 373 2262; x_wconf 77' lang='lat' dir='ltr'><em>mihi</em></span> <span class='ocrx_word' id='word_1_281' title='bbox 399 2219 586 2260; x_wconf 82' lang='lat' dir='ltr'><em>videntur</em></span> <span class='ocrx_word' id='word_1_282' title='bbox 603 2244 615 2265; x_wconf 87' lang='lat'>,</span> <span class='ocrx_word' id='word_1_283' title='bbox 655 2227 739 2256; x_wconf 84' lang='lat' dir='ltr'><em>tum</em></span> <span class='ocrx_word' id='word_1_284' title='bbox 771 2214 877 2266; x_wconf 75' lang='lat' dir='ltr'><em>quod</em></span> <span class='ocrx_word' id='word_1_285' title='bbox 911 2213 1050 2253; x_wconf 80' lang='lat' dir='ltr'><em>absunt</em></span> <span class='ocrx_word' id='word_1_286' title='bbox 1074 2226 1093 2252; x_wconf 84' lang='lat' dir='ltr'>a</span> <span class='ocrx_word' id='word_1_287' title='bbox 1116 2214 1355 2254; x_wconf 79' lang='lat' dir='ltr'><em>membranis</em></span> <span class='ocrx_word' id='word_1_288' title='bbox 1380 2212 1718 2254; x_wconf 68' lang='lat' dir='ltr'><em>San-Vi&amp;orianis</em></span> 
     </span>
     <span class='ocr_line' id='line_1_36' title="bbox 218 2270 1718 2331; baseline -0.006 -12"><span class='ocrx_word' id='word_1_289' title='bbox 218 2307 246 2327; x_wconf 78' lang='lat'><em>,‚</em></span> <span class='ocrx_word' id='word_1_290' title='bbox 278 2279 450 2331; x_wconf 82' lang='lat' dir='ltr'><em>optimae</em></span> <span class='ocrx_word' id='word_1_291' title='bbox 470 2284 608 2320; x_wconf 84' lang='lat' dir='ltr'><em>notae,</em></span> <span class='ocrx_word' id='word_1_292' title='bbox 638 2282 721 2313; x_wconf 87' lang='lat' dir='ltr'><em>tum</em></span> <span class='ocrx_word' id='word_1_293' title='bbox 747 2272 854 2323; x_wconf 78' lang='lat' dir='ltr'><em>quod</em></span> <span class='ocrx_word' id='word_1_294' title='bbox 879 2270 1016 2310; x_wconf 76' lang='lat' dir='ltr'><em>eadem</em></span> <span class='ocrx_word' id='word_1_295' title='bbox 1041 2271 1271 2321; x_wconf 81' lang='lat' dir='ltr'><em>imprecatio</em></span> <span class='ocrx_word' id='word_1_296' title='bbox 1294 2270 1485 2322; x_wconf 83' lang='lat' dir='ltr'><em>repetitur</em></span> <span class='ocrx_word' id='word_1_297' title='bbox 1502 2271 1718 2325; x_wconf 75' lang='lat' dir='ltr'><em>elegantius</em></span> 
     </span>
     <span class='ocr_line' id='line_1_37' title="bbox 216 2326 1716 2423; baseline -0.006 -49"><span class='ocrx_word' id='word_1_298' title='bbox 216 2364 245 2385; x_wconf 70' lang='lat'><em>‚2</em></span> <span class='ocrx_word' id='word_1_299' title='bbox 279 2335 332 2376; x_wconf 63' lang='lat' dir='ltr'><em>ad*</em></span> <span class='ocrx_word' id='word_1_300' title='bbox 345 2347 383 2376; x_wconf 88' lang='lat' dir='ltr'><em>v.</em></span> <span class='ocrx_word' id='word_1_301' title='bbox 403 2342 498 2383; x_wconf 75' lang='lat'><strong>454.</strong></span> <span class='ocrx_word' id='word_1_302' title='bbox 513 2359 541 2380; x_wconf 84' lang='lat'><strong>„</strong></span> <span class='ocrx_word' id='word_1_303' title='bbox 575 2330 715 2386; x_wconf 78' lang='lat' dir='ltr'><em>Quid?</em></span> <span class='ocrx_word' id='word_1_304' title='bbox 731 2328 838 2380; x_wconf 76' lang='lat' dir='ltr'><em>quod</em></span> <span class='ocrx_word' id='word_1_305' title='bbox 856 2326 1116 2423; x_wconf 39' lang='lat' dir='ltr'><em>Promefhfeus</em></span> <span class='ocrx_word' id='word_1_306' title='bbox 1134 2326 1301 2368; x_wconf 83' lang='lat' dir='ltr'><em>ridicule</em></span> <span class='ocrx_word' id='word_1_307' title='bbox 1311 2334 1449 2380; x_wconf 85' lang='lat' dir='ltr'><em>parum</em></span> <span class='ocrx_word' id='word_1_308' title='bbox 1466 2327 1567 2368; x_wconf 78' lang='lat' dir='ltr'><em>mitis</em></span> <span class='ocrx_word' id='word_1_309' title='bbox 1584 2328 1716 2378; x_wconf 80' lang='lat' dir='ltr'><em>appel-</em></span> 
     </span>
    </p>

    <p class='ocr_par' dir='ltr' id='par_1_10' title="bbox 1005 2385 1715 2434">
     <span class='ocr_line' id='line_1_38' title="bbox 1005 2385 1715 2434; baseline -0.004 -9"><span class='ocrx_word' id='word_1_310' title='bbox 1005 2394 1014 2410; x_wconf 69' lang='lat'><strong>⁴</strong></span> <span class='ocrx_word' id='word_1_311' title='bbox 1078 2394 1099 2434; x_wconf 77' lang='lat'>3</span> <span class='ocrx_word' id='word_1_312' title='bbox 1602 2385 1715 2422; x_wconf 70' lang='lat' dir='ltr'><em>latur,</em></span> 
     </span>
    </p>
   </div>
  </div>
 </body>
</html>
