2070 2740
287 220 346 260 ³0.
467 186 1584 246 EMENDAT10NVM

284 352 312 372 ,‚
342 324 464 366 Misc.
502 322 600 363 Vol.
640 334 696 364 w.
730 335 769 375 p.
804 332 898 373 317.
966 321 1317 375 Elegantissmum
1351 321 1584 374 poemmion
1620 321 1711 370 est,
1757 320 1802 365 &-

284 408 313 429 „
342 381 616 434 pulcherrimis
656 379 848 421 refertum
887 380 997 421 locis.
1038 376 1094 420 N.
1135 377 1312 432 Heinfius
1349 378 1457 431 apud
1477 377 1653 420 Fontem.
1691 378 1811 434 fflst.

284 464 312 486 ‚0
343 439 425 479 Lit.
454 439 588 488 Aq-uil.
613 449 652 489 p.
677 449 744 486 41.
805 436 1019 488 Exemplar
1044 436 1198 483 Certis,
1237 435 1346 487 quod
1382 436 1630 487 poematum·
1666 437 1795 477 multo

283 521 312 542 „
343 496 559 547 elegantius
594 493 660 534 est.
721 492 968 545 Broekhustas
998 492 1046 531 ad
1075 491 1110 530 T
1108 492 1209 532 ibull.
1235 493 1268 539 Ι,
1293 506 1332 540 x,
1360 504 1424 543 57.
1485 491 1639 531 Auctor
1664 491 1799 538 Ciris,

283 578 312 598 „
345 554 502 604 elegans
548 551 614 590 ille
653 550 690 590 δε
726 551 905 602 politus,
959 550 1186 600 quicunque
1225 549 1385 588 tandem
1423 548 1626 588 exstiterit.
1673 547 1711 587 &
1748 547 1798 587 ad

283 635 311 655 ,‚
345 607 418 654 IV,
449 620 509 653 vi,
547 619 579 646 1.
640 606 794 646 Auctor
827 605 928 645 Ciris
947 633 959 651 ,
984 605 1269 646 delicatissimi
1291 606 1493 658 poematii.
1521 605 1558 644 ἃ
1582 604 1629 644 ad
1654 604 1727 650 111,
1753 615 1795 651 v,

282 690 310 710 „
344 675 408 701 22.
447 662 601 702 Auctor
626 662 727 701 Ciris
745 689 757 708 ,
796 662 971 700 amabilis
996 663 1205 711 poematii:
1243 675 1466 712 quanquam
1489 661 1624 701 versus
1649 660 1796 699 laudati

282 747 310 766 „
342 720 593 771 reperiuntur
617 718 658 757 in
684 718 835 757 Culice.
896 716 1086 768 Barthizis
1107 718 1152 767 in»
1172 717 1300 757 Praef.
1325 731 1364 769 p.
1392 721 1456 758 26.
1488 727 1641 758 tentare
1660 717 1798 756 Ceirin

281 803 309 822 „
343 774 390 814 P.
430 774 589 827 Virgilii
619 771 824 820 Maronis,
870 786 994 813 unum
1027 782 1113 813 toto
1145 773 1264 813 Latio
1289 773 1613 814 formofissnnum
1636 774 1796 825 po'erna-

281 859 309 878 „
342 833 440 871 tion.
467 833 505 871 οἳ
527 829 702 871 adstat.
728 832 839 882 Sylv.
865 830 940 877 IV,
967 843 1045 877 vn,
1064 842 1101 869 2.
1139 830 1289 870 Poe'ma
1311 830 1583 881 optimumz&
1600 830 1648 868 ad
1664 830 1793 869 Theb.

281 915 310 934 „
348 901 382 935 1,
417 900 510 938 333.
573 887 772 939 Capillum
802 887 892 927 Nifi
925 887 962 926 &
995 886 1169 937 Scyllam
1202 886 1449 926 consecravit
1472 887 1541 925 illo
1569 887 1687 938 longe
1712 885 1794 924 cul-

280 971 308 991 „
340 945 488 984 tisfimo
520 945 752 995 poematio,
798 945 865 994 qui
899 942 1034 982 Ceirin
1066 944 1210 989 nobis,
1256 943 1413 982 unicam
1446 943 1602 994 linguae
1627 942 1795 981 Latinae

279 1027 309 1047 9,
339 1013 561 1053 gemmam,
614 1013 689 1040 nec
729 997 892 1040 Marone
931 999 1132 1051 indignam
1171 998 1292 1038 dedit.
1334 1000 1372 1037 δε
1403 998 1451 1037 ad
1480 1011 1540 1045 vl,
1575 1000 1668 1048 693.
1730 997 1796 1037 Sic

279 1084 308 1104 „
340 1059 446 1097 enim
484 1059 525 1097 in
567 1057 822 1097 ornatisfimo.
854 1056 1147 1108 poematiorum
1186 1054 1410 1108 legendum.
1453 1054 1490 1094 δε
1528 1054 1577 1093 ad
1613 1067 1655 1101 v,
1698 1056 1793 1101 609.

278 1141 307 1160 ‚,
338 1113 489 1154 Similia
517 1113 607 1154 sunt
639 1113 828 1153 Charmes
860 1113 1031 1153 carmina
1060 1113 1101 1151 in
1133 1111 1271 1152 divino
1295 1111 1497 1163 po'e‘matio
1524 1109 1642 1150 Ceiri.
1671 1108 1793 1149 Conf.

278 1197 309 1216 ,‚
338 1170 444 1211 idem
467 1169 517 1209 ad
541 1169 671 1210 Theb.
700 1183 747 1217 11,
774 1180 867 1220 515.
894 1182 952 1215 iv,
980 1181 1045 1219 30.
1070 1181 1113 1215 v,
1141 1170 1233 1218 617.
1261 1166 1431 1219 Scaliger
1455 1166 1503 1206 ad
1529 1166 1640 1206 Cirin
1663 1179 1702 1217 p.
1723 1167 1789 1216 65.

277 1253 307 1273 ,‚
338 1236 419 1266 tam
448 1227 557 1266 culto
590 1225 628 1265 δε
656 1226 784 1265 nitido
815 1226 1030 1277 poematio.
1064 1225 1102 1265 &
1132 1224 1347 1264 Animadv.
1379 1225 1420 1262 in
1460 1222 1611 1262 Chron.
1651 1220 1788 1275 Euseb.

277 1310 304 1329 „
335 1296 374 1335 p.
413 1293 477 1332 54.
544 1280 732 1332 Virgilius
763 1283 803 1320 in
835 1281 974 1320 divino
997 1281 1199 1332 poematio
1225 1281 1320 1320 Ciri.
1381 1280 1471 1318 Alia
1495 1281 1662 1318 aliorum
1686 1277 1792 1318 testi-

278 1366 305 1385 „
336 1339 469 1378 monia
499 1338 640 1379 recitat
671 1334 812 1392 Jtssus
835 1335 1068 1377 Fontaniims
1092 1335 1293 1376 Historiae
1316 1335 1535 1375 Literariae
1560 1334 1793 1385 Aquilejen-

276 1422 304 1442 „
335 1396 382 1435 fis
414 1396 481 1436 lib.
515 1394 547 1442 Ι,
582 1406 630 1442 11,
665 1396 700 1435 8.
733 1393 815 1434 'ubi
846 1393 927 1446 ipse
956 1402 1077 1433 vocat
1115 1404 1244 1444 opus,
1289 1393 1331 1432 in
1361 1403 1440 1442 quo
1467 1402 1603 1431 omnes
1630 1390 1792 1430 Gratiae

275 1479 304 1498 „
336 1451 373 1490 δε
410 1450 590 1491 Veneres
630 1449 808 1490 ornando
841 1459 1070 1496 certarunt,
1116 1459 1160 1488 ut
1190 1449 1225 1499 ς.
1261 1460 1296 1498 5.
1336 1459 1499 1488 aureum
1536 1447 1708 1498 poema;
1753 1446 1793 1486 δε

275 1535 303 1554 „
333 1506 369 1558 §.
405 1510 441 1548 6.
481 1519 577 1547 auro
609 1507 648 1546 δε
678 1506 799 1547 cedro
824 1505 1092 1558 dignissimum
1117 1513 1281 1556 propter
1305 1502 1514 1544 artificium
1532 1530 1545 1549 ‚
1583 1502 1790 1543 summam-

273 1591 302 1610 „
333 1575 411 1614 que
441 1563 686 1615 elegantiam.
755 1560 859 1601 Illud
890 1561 1062 1611 denique
1091 1561 1235 1613 poema
1265 1560 1464 1613 praeclare
1502 1558 1785 1605 commendat,

273 1619 382 1670 quod
418 1628 583 1672 propter
621 1619 855 1671 elegantiam
897 1617 1072 1664 Catullo,
1129 1616 1268 1663 Gallo,
1326 1615 1520 1666 Virgilio,
1567 1615 1788 1655 clarissimis

273 1677 404 1728 poetis
423 1703 436 1723 ,
475 1674 740 1726 adjudicatum
765 1673 831 1714 est.
1351 1670 1354 1671 ⁷

331 1732 432 1786 Quis
465 1732 597 1782 itaque
631 1730 715 1777 est,
761 1731 830 1781 qui
859 1728 1045 1771 Bochai-ti
1073 1728 1273 1770 fastidium
1295 1727 1401 1768 serre
1424 1728 1546 1781 possit
1569 1729 1610 1767 in
1634 1726 1786 1768 Hister.

274 1790 408 1829 Anim.
436 1788 474 1828 S.
501 1788 540 1828 S.
566 1788 669 1828 Part.
701 1799 733 1826 1.
759 1787 828 1827 lib.
853 1799 892 1827 v.
919 1799 1003 1838 cap.
1029 1799 1066 1838 7.
1097 1786 1311 1838 Virgilium
1334 1785 1463 1824 adhuc
1486 1785 1526 1823 in
1551 1783 1633 1823 Ciri
1655 1784 1788 1834 pueri-

275 1846 363 1885 liter
396 1845 593 1885 balbutire
624 1843 849 1889 censentis,
896 1851 1014 1892 atque
1045 1842 1145 1882 adeo
1176 1841 1303 1880 Rnaei
1332 1842 1372 1879 in
1403 1839 1507 1880 Hist.
1539 1838 1589 1879 P.
1627 1838 1787 1890 Virgilii

274 1899 451 1939 Maronis
467 1899 514 1938 ad
532 1901 581 1938 A.
604 1898 656 1937 V.
678 1899 724 1937 C.
745 1901 838 1946 696.
858 1909 1014 1937 carmen
1032 1899 1079 1938 ab
1097 1897 1408 1949 intelligentibus
1425 1896 1636 1948 probatum
1645 1904 1787 1935 notan-

275 1958 322 1996 tis
354 1957 431 1995 hoc
460 1954 639 2006 judicio:
684 1967 906 2005 quanquam
937 1953 1067 1994 fusum
1099 1954 1154 1994 est
1183 1953 1366 1993 feliciore
1395 1964 1527 1999 vena,
1565 1964 1681 2002 quam
1706 1952 1786 1990 Cu-

274 2014 368 2058 lex;
413 2021 545 2051 tamen
580 2012 713 2062 jacent
750 2012 790 2050 in
829 2023 877 2050 eo
915 2012 1066 2058 multa,
1119 2011 1242 2050 multa
1273 2010 1464 2056 horrent,
1509 2010 1640 2048 nitent
1669 2020 1787 2058 quam

275 2070 513 2120 paucissima.
576 2068 670 2108 Hoc
701 2077 809 2107 certe
840 2066 1087 2120 Broekhzqffas
1115 2066 1221 2107 serre
1251 2078 1334 2106 non
1356 2067 1489 2118 potuit
1512 2065 1560 2104 ad
1589 2063 1724 2104 Tibull.
1750 2063 1783 2112 I,

276 2139 332 2171 ιν,
368 2137 430 2175 57.
492 2126 646 2164 Auctor
679 2123 810 2171 Ciris,
856 2135 974 2174 quem
1006 2136 1079 2176 ego
1112 2123 1198 2163 satis
1230 2122 1349 2163 credo
1382 2135 1463 2161 non
1494 2121 1614 2161 fuisse
1651 2120 1784 2171 Wrgi-

275 2210 302 2229 ,‚
334 2182 421 2220 limi
439 2210 450 2227 ,
496 2193 571 2220 nec
603 2192 732 2220 tamen
759 2193 849 2220 cum
875 2181 1014 2220 Ruaeo
1038 2180 1183 2232 Jesuita
1206 2191 1278 2231 pro
1298 2179 1455 2230 jacente
1479 2189 1595 2230 atque
1619 2175 1782 2218 horrido

274 2266 302 2283 „
333 2239 453 2277 velim
478 2237 659 2283 traduci,
698 2236 854 2276 fastidio
879 2237 993 2275 nimis
1018 2236 1201 2276 delicato.

332 2294 457 2333 Fuere
482 2303 611 2332 tamen
641 2295 676 2331 in
705 2294 792 2344 ipsis
818 2292 1085 2332 laudatoribus
1111 2293 1325 2345 elegantiae
1344 2319 1355 2338 ,
1393 2293 1460 2342 qui
1484 2302 1607 2343 pauca
1631 2291 1670 2328 in
1697 2301 1778 2329 car-

271 2352 378 2390 mine
409 2349 757 2404 reprehenderent.
818 2349 926 2390 Nam
957 2347 1215 2395 I¹'0ntaninus‚
1261 2350 1314 2390 ob
1339 2347 1610 2400 trajec‘tioncm
1632 2346 1776 2386 verbo-

1691 2414 1778 2443 rum
