2070 2740
327 128 1662 191 244EMENDAT10NVM

331 268 362 289 ‚‚
394 240 563 281 dirarum
579 238 731 280 suarum
751 240 1002 280 corollarium
1020 240 1254 293 imprecatur.
1326 240 1421 294 Quo
1440 249 1549 281 certe
1567 243 1725 293 epilogo
1743 243 1844 283 nihil

334 325 364 345 „
397 298 569 351 argutius
588 298 629 336 in
648 305 735 336 toto
755 297 832 336 hoc
847 296 1050 349 poematio
1073 298 1168 337 mihi
1190 297 1314 336 visum
1333 296 1404 337 est.
1468 297 1606 350 Quum
1623 299 1728 337 enim
1746 297 1845 338 Ovi-

337 381 366 402 „
397 354 482 394 dius
513 365 564 393 ne
597 354 664 393 vel
698 353 901 393 minimam
931 352 1151 406 Augustum
1177 353 1224 393 ad
1253 352 1634 394 commiserationem
1659 352 1847 394 flectendi

339 438 367 459 „
398 411 643 451 occasionem
669 418 912 461 praetereat,
944 410 1039 458 quid
1071 409 1306 463 ingeniosius
1334 410 1381 449 ab
1409 421 1456 449 eo
1475 409 1576 456 dici,
1608 412 1848 464 autexcogi-

339 495 367 515 2,
397 469 470 508 tari
486 467 641 518 potuit,
674 476 791 516 quam
820 476 864 504 ut
881 465 1057 505 exsilium
1078 466 1189 506 suuni
1206 467 1348 516 quovis
1369 466 1548 519 supplicii
1569 468 1605 506 δε
1628 468 1764 506 mortis
1783 479 1848 519 ge-

340 551 369 572 „
402 534 493 564 nere
526 523 679 575 gravius
711 534 754 564 ac
789 522 1075 562 intolerabilius
1109 521 1386 569 declarmee„
1439 522 1634 564 Conferre
1662 533 1850 577 potuerat

341 580 456 620 Trist.
484 579 550 626 111,
567 592 625 626 xi,
647 590 711 629 71.

851 685 1019 726 fortuna
1038 684 1243 739 miserrima
1260 682 1381 739 nostru
1400 681 1461 738 est.

627 741 742 782 Omne
761 743 883 782 trahit
895 741 1020 796 secem
1046 740 1219 794 Caesaris
1239 742 1300 780 ira
1319 742 1466 780 malum.

568 798 681 856 Qsod
696 800 810 851 magis
829 810 869 839 ut
889 800 1028 852 liqueat
1043 826 1054 844 ,
1085 811 1175 838 neve
1195 799 1257 837 hoc
1274 798 1345 837 tibi
1355 797 1501 850 fingere
1521 796 1656 838 credar
1667 812 1680 846 ,·

629 854 713 908 Ipse
732 857 851 895 veliin
869 867 1017 909 poenas
1036 856 1236 907 experiare
1259 866 1374 893 meas.

343 962 434 1016 Ego
464 972 560 1001 vcro
588 972 669 1000 non
705 960 824 1000 credo
852 958 1039 1012 Ncisbnem
1071 954 1149 998 tam
1181 957 1346 999 delirum
1370 957 1508 1006 fuisse,
1546 968 1591 999 ut
1629 986 1658 1006 „
1677 959 1854 999 exsilium

345 1043 374 1066 „
404 1018 516 1059 suun]
545 1018 688 1068 quovis
716 1017 898 1069 lupplicii
934 1016 972 1055 &
996 1016 1130 1055 mortis
1155 1026 1298 1068 genere
1325 1016 1480 1068 gravius
1507 1016 1544 1055 &
1567 1016 1852 1055 intolerabilius

344 1102 373 1121 ‚‚
408 1075 632 1114 declararet.
651 1100 682 1123 ἢ,
718 1073 778 1112 Ut
803 1073 907 1112 enim
935 1072 1035 1111 mala
1059 1071 1124 1110 sua
1147 1083 1238 1111 cum
1264 1072 1461 1111 laboribus
1487 1072 1629 1112 Iasonis
1655 1071 1693 1111 &
1709 1071 1852 1122 Ulyxis

345 1132 458 1171 Pont.
485 1131 516 1177 Ι,
535 1142 593 1175 1v,
616 1140 690 1177 25:
713 1129 749 1167 ἂ
767 1128 884 1168 Trist.
905 1127 936 1174 Ι,
954 1140 994 1173 v,
1016 1139 1080 1176 57.
1112 1128 1349 1172 contulerit,
1383 1127 1421 1165 δε
1436 1128 1615 1178 graviora
1631 1129 1852 1178 putaverit;

344 1188 556 1240 plurimum
578 1195 707 1225 tamen
727 1182 886 1224 interest
904 1184 1005 1222 inter
1025 1184 1144 1228 haec,
1163 1181 1201 1221 δε
1218 1183 1321 1221 inter
1339 1193 1498 1229 cruces,
1513 1191 1708 1222 tormenta
1721 1210 1732 1224 ,
1750 1195 1856 1223 mor-

347 1252 484 1293 tesque
506 1243 736 1282 teterrimas.
797 1239 893 1279 Nec
920 1237 960 1278 id
987 1239 1110 1278 verba
1133 1247 1266 1290 aperte
1292 1236 1479 1278 indicant.
1548 1239 1627 1285 At,
1658 1239 1729 1279 nisi
1749 1237 1855 1280 disti-

347 1300 451 1338 chon
474 1300 573 1339 hanc
601 1298 740 1338 habeat
764 1294 1019 1342 sententiam,
1049 1294 1203 1334 laudata
1227 1292 1420 1335 clausulae
1447 1295 1574 1334 virtus
1599 1296 1785 1342 tolletur,
1816 1294 1855 1335 &

347 1355 551 1396 admiratio
577 1353 786 1395 decrescet.
845 1351 956 1405 Quis
984 1352 1130 1403 negat?
1161 1350 1240 1391 Sed
1269 1350 1348 1390 hoc
1371 1349 1568 1397 viderint,
1606 1352 1674 1401 qui
1693 1348 1855 1404 Nasonis

347 1410 423 1451 ess'e
447 1411 633 1451 statuunt.
695 1409 783 1463 Ego
811 1417 943 1448 autem
961 1405 1140 1459 suspicor
1157 1406 1423 1447 adulterinum
1438 1405 1537 1454 esse,
1569 1407 1676 1458 quod
1689 1407 1772 1458 ejus
1787 1419 1854 1460 ge-

346 1470 450 1508 neris
468 1468 775 1507 additamentum
792 1463 990 1510 redoleat,
1020 1462 1126 1514 quod
1145 1462 1193 1502 ad
1215 1475 1253 1504 v.
1272 1473 1370 1514 475.
1387 1464 1626 1504 notavimus.
1693 1463 1853 1504 Etenim

348 1526 434 1564 telis
459 1525 586 1563 Remo
612 1523 737 1565 noxiis
760 1519 1002 1562 versificator
1025 1518 1259 1559 Sarmaticas
1272 1518 1446 1572 sagittas
1470 1520 1645 1560 ssmiliter
1662 1519 1852 1570 adjunxit.

350 1580 490 1634 Quid?
520 1579 828 1630 quodvcrbum‚
842 1585 996 1630 precor,
1025 1575 1231 1616 redundat.
1298 1574 1408 1614 Nam
1425 1574 1584 1623 versus,
1613 1588 1661 1616 eo
1680 1576 1852 1623 sublato,

348 1649 430 1677 non
448 1645 602 1676 tantum
626 1643 888 1687 congruenter
903 1632 1047 1684 poetae
1066 1631 1190 1679 mori,
1228 1629 1297 1671 sed
1313 1630 1351 1671 δε
1366 1632 1494 1685 aptius
1514 1642 1563 1672 ex
1583 1631 1853 1674 antecedenti-

350 1694 423 1735 bus
441 1693 618 1746 pendent
634 1692 710 1731 hoc
726 1689 867 1730 modo:

576 1794 658 1838 Nec
678 1801 743 1840 tu,
775 1802 884 1846 quam
910 1789 1076 1845 Rhesus,
1096 1788 1222 1845 sbmno
1239 1790 1387 1832 meliore
1400 1789 1564 1832 fruaris.-

578 1849 819 1892 Cliniadaeve
838 1847 939 1889 modo
957 1846 1206 1888 circumdatus
1224 1848 1369 1900 ignibus
1385 1848 1485 1888 atris

628 1906 805 1948 Membra
824 1904 927 1945 feras
945 1902 1099 1956 Stygiae
1105 1902 1368 1956 semicremata
1385 1904 1479 1943 rati.

576 1963 684 2004 Utve
703 1962 819 2002 Remo
839 1972 962 2000 muros
981 1957 1067 2012 auso
1086 1960 1255 1999 transire
1270 1967 1452 2008 recentes,

635 2017 766 2060 Noxia
783 2019 859 2059 fint
875 2016 989 2069 capiti
1006 2013 1146 2070 rustica
1164 2016 1241 2056 tela
1259 2024 1343 2057 tuo:

577 2074 748 2127 Denique
766 2073 1000 2114 Sarmaticas
1018 2073 1119 2113 inter
1137 2071 1356 2126 Geticasque
1361 2071 1548 2126 sagittas,

634 2131 735 2180 His,
914 2138 959 2170 ut
973 2130 1087 2171 vivas
1103 2129 1142 2171 &
1159 2130 1323 2173 moriare
1339 2129 1434 2172 locis.

353 2251 494 2309 Quid?
524 2249 632 2303 quod
647 2247 850 2305 praecedit
866 2259 908 2289 v.
929 2247 1022 2292 626.

1774 2347 1860 2398 Sic,
