2070 2740
664 220 1780 276 cAPvT11.19

428 328 634 372 Devic'lutn
657 326 808 383 moestus
824 326 957 381 procul
980 324 1183 378 adspiciens
1205 325 1442 378 Ephialten:

431 386 566 428 Conon·
588 385 770 440 quondum
794 397 872 424 cum
887 382 966 436 siut
990 381 1205 422 incendere
1227 382 1414 423 mundum.

260 478 326 519 Sic
350 480 392 519 in
414 478 655 531 pervulgatis
681 476 788 515 libris
813 475 1008 515 habetur:
1045 473 1113 514 sed
1136 486 1255 515 nemo
1278 484 1459 528 repertus
1484 476 1539 517 est
1555 504 1567 525 ‚
1607 480 1672 529 qui
1697 488 1771 519 tra-

259 535 372 576 deret
394 534 558 575 Aloidas
582 532 753 572 voluisse
777 531 971 573 mundum
995 530 1222 572 incendere.
1285 533 1542 587 Quapropter
1563 544 1656 578 ante
1672 538 1769 577 mul-

258 600 319 634 tos
343 603 465 632 annos
492 590 765 642 corrigebam:

426 657 561 698 Conciti
583 656 765 710 quondum
789 668 868 696 cum
884 655 963 709 stul
986 655 1208 696 rescindere
1231 656 1417 698 mundum.

256 727 341 781 Ipse
369 725 558 778 Virgilius
581 725 630 765 de
652 726 818 779 geminis
843 724 1030 765 fratribus
1056 724 1205 779 Georg.
1236 738 1272 773 Ι,
1299 729 1391 767 280.

423 793 484 835 Et
514 794 727 848 conjuratos
756 794 915 833 coelum
943 791 1166 834 rescindere
1187 791 1357 847 fratres.

427 849 501 890 Ter
530 850 620 890 sunt
649 850 782 889 conati
812 847 892 894 &a

255 917 295 959 &
322 918 493 959 Aeneid.
524 930 585 964 vr,
618 920 710 967 582.

419 985 500 1025 Hic
529 982 579 1029 &9
607 982 773 1024 Aloidas
799 985 960 1035 geminos
988 984 1166 1024 immania
1195 982 1281 1024 vidi

421 1040 610 1092 Corpora:
647 1041 711 1093 qui
732 1041 901 1081 munibus
923 1051 1096 1092 magnum
1120 1040 1343 1081 rescindere
1367 1042 1526 1084 coelum

418 1095 604 1150 Adgresfi
619 1124 632 1144 ,
661 1095 880 1151 superisque
905 1095 1050 1152 Jovein
1073 1096 1273 1138 detrudere
1295 1098 1433 1151 regnis.
1722 1152 1725 1154 ‚

253 1164 443 1206 Similiter
474 1174 607 1205 autem
635 1165 674 1205 in
691 1192 704 1212 ‚
749 1165 788 1205 δε
817 1178 859 1206 re
889 1166 1004 1218 saepe
1027 1167 1278 1207 librariorum
1302 1167 1456 1206 incuria
1478 1174 1768 1219 permutantur.

251 1233 290 1262 v.
314 1223 440 1262 varias
464 1220 656 1262 lectiones
679 1221 829 1263 additas
857 1222 1000 1265 Ovidio
1023 1224 1193 1264 Metam.
1218 1236 1296 1270 vn,
1323 1225 1391 1274 78,
1419 1226 1512 1274 278.
1540 1236 1599 1271 rx,
1620 1227 1712 1266 208.
1731 1225 1770 1265 &

255 1277 421 1330 Virgilio
439 1278 588 1332 Georg.
609 1291 667 1326 Ν,
689 1289 781 1330 552.
802 1279 840 1319 &
857 1291 951 1330 241.
1010 1277 1057 1321 N
1060 1293 1138 1322 unc
1153 1280 1275 1321 video
1297 1278 1515 1332 Vossianum
1530 1282 1680 1333 primae
1695 1293 1768 1322 no-

249 1343 313 1376 tae
337 1335 520 1376 codicem
537 1362 550 1382 ‚
589 1347 709 1386 quem
733 1335 938 1376 Leidenfis
962 1337 1207 1376 bibliotheca
1230 1336 1386 1383 servat«,
1425 1337 1598 1378 habere:

421 1401 556 1443 Conon·
584 1415 676 1443 cum
703 1403 780 1444 sint
808 1403 1008 1455 quondam
1036 1403 1260 1453 rescindere
1288 1402 1476 1444 mundum.

247 1470 356 1512 unde
387 1470 573 1511 discimus
604 1470 848 1512 correctores
865 1499 878 1519 ,
917 1483 1016 1513 cum
1045 1469 1255 1525 rescindere
1285 1472 1443 1512 abiisset
1473 1473 1516 1512 in
1545 1472 1767 1522 incendere,

247 1528 369 1567 voces
387 1527 545 1579 insuper
562 1526 779 1577 trajecisse,
816 1539 869 1568 ne
890 1528 1024 1568 versus
1049 1529 1219 1581 turpiter
1242 1528 1382 1568 hiaret.
1443 1527 1622 1570 Pithoeus
1645 1530 1772 1571 edidit

245 1582 477 1637 inscendere,
488 1583 597 1635 quod
613 1585 655 1624 in
671 1583 828 1625 duobus
845 1584 1051 1626 codicibus
1066 1583 1161 1626 Mss.
1180 1585 1398 1626 invenitur.
1430 1585 1542 1626 Hinc
1558 1595 1690 1628 autem
1708 1585 1767 1629 N.

247 1639 400 1693 Heinfii
415 1640 643 1692 conjectura
658 1650 749 1682 nata
764 1641 841 1690 est,
872 1640 1082 1696 escendere:
1110 1641 1178 1684 sed
1193 1654 1240 1683 ea
1254 1641 1428 1694 nostram
1443 1654 1527 1685 non
1541 1653 1668 1685 muto.

336 1709 377 1737 v.
415 1708 505 1747 152.
552 1721 555 1724 -
608 1714 610 1724 ι
1216 1716 1217 1719 ¹

414 1764 478 1804 At
507 1756 768 1818 circn1pczsfi7n
791 1762 919 1818 fessae
948 1764 1102 1807 cubuere
1132 1766 1321 1819 capellae,

412 1820 650 1874 Excelsisque
670 1822 797 1874 >super
827 1822 955 1863 dumis
975 1836 984 1862 :
1022 1835 1108 1876 quos
1130 1822 1264 1863 leniter
1287 1820 1437 1875 adflans

411 1877 530 1918 Aura
549 1876 795 1931 susurrantis
817 1877 932 1931 posfit
961 1877 1187 1932 confundere
1216 1880 1336 1919 venti.

244 1943 410 1986 Medius
439 1946 574 1988 versus
604 1947 776 1993 multum
808 1946 1045 1988 difficultatis
1077 1947 1209 1988 habet.
1271 1947 1373 2001 Quis
1399 1947 1505 1988 enim
1528 1948 1664 1989 credat
1685 1948 1769 1996 fes-r

244 2002 299 2042 sas
324 2003 492 2055 capellas
507 2001 626 2057 filper
649 2002 774 2055 dumos
794 2005 981 2056 cubare?⁴
1015 2004 1178 2055 Deinde
1197 2032 1209 2052 ‚
1247 2003 1317 2055 qui
1340 2016 1485 2057 parvae
1509 2007 1682 2058 capellae
1696 2005 1764 2060 sil-

240 2066 313 2111 per
329 2059 473 2113 excelsis
495 2059 615 2101 dumis
637 2061 783 2100 cubare
807 2061 972 2112 possunt
988 2061 1008 2101 ’.2
1040 2058 1254 2102 <Praeterea
1275 2060 1485 2113 scriptores
1509 2062 1643 2102 rustici
1665 2076 1763 2115 prae-

245 2116 422 2167 cipiunt,
458 2126 504 2157 ut
521 2117 699 2170 ‘pastores
724 2117 850 2164 aestus
875 2114 1136 2166 meridianos,
1175 2117 1224 2158 de
1248 2119 1391 2169 quibus
1416 2119 1497 2171 agit
1519 2119 1661 2170 poeta,
1691 2120 1763 2161 sub

245 2173 362 2213 ramis
385 2174 570 2215 arborum
592 2177 736 2216 vitent.
761 2173 862 2215 VJI.
881 2173 934 2214 L.
953 2173 996 2215 de
1012 2175 1049 2216 la
1070 2173 1192 2216 Cerdo
1209 2173 1257 2214 ad
1278 2172 1390 2226 Virg.
1411 2174 1560 2227 Georg.
1581 2189 1646 2223 111,
1666 2188 1686 2226 3
1695 2189 1714 2228 3
1728 2189 1760 2216 1.

242 2228 450 2269 Postremo
467 2258 479 2278 ,
516 2243 583 2284 que
605 2232 847 2285 superfluum
875 2232 1048 2273 videtur.
1116 2232 1218 2285 Quis
1249 2233 1382 2282 itaque
1406 2230 1682 2280 non'sentiat‚
1720 2235 1762 2274 in

242 2285 291 2326 iis
326 2287 458 2326 verbis
495 2280 688 2337 maculam
716 2289 910 2336 manere?
955 2290 1083 2331 Sensit
1112 2297 1220 2330 certe
1248 2287 1466 2336 Burthius‚
1510 2289 1577 2339 qui
1607 2289 1645 2329 &
1675 2300 1760 2330 eam

242 2341 378 2382 delere
407 2353 571 2384 conatus
602 2345 672 2385 est.
715 2347 796 2386 --Sic
825 2347 932 2387 enim
959 2344 1297 2398 vir⁷d0&isfimus
1327 2344 1495 2386 Advers.
1513 2345 1623 2393 XXI,
1641 2359 1758 2386 xxm.

236 2424 275 2449 0,
303 2398 423 2440 Nihil
446 2399 655 2444 editilibri
678 2402 833 2444 Variani:
854 2413 923 2447 aut
939 2404 1091 2456 seri-pti.
1150 2402 1206 2445 Et
1229 2411 1361 2445 tamen
1383 2403 1510 2444 cuivis
1535 2411 1672 2456 patere
1687 2414 1763 2501 posi:

1005 2459 1041 2501 C
1070 2470 1093 2498 2
1627 2485 1659 2507 „
1688 2467 1727 2499 te
