2070 2740
468 163 1459 227 PRAEFATLO,
1654 187 1758 231 Lu:

240 351 288 404 p.
317 332 395 385 26.
442 332 617 383 laudari
652 333 874 397 miretur,
921 332 972 382 &
997 333 1186 383 tertium
1212 350 1357 403 caput
1381 338 1439 386 ab
1464 339 1744 393 amicissimo

242 403 576 456 Valckenae‘rio
611 403 742 452 citari
770 403 921 451 Diatr.
958 403 1005 452 in
1041 402 1278 470 Euripidis
1300 406 1597 469 Perditorum
1626 412 1744 460 Dra⁴

239 488 417 533 matum
454 473 699 539 Reliquias
734 489 838 539 cap.
874 490 947 522 XV.
985 489 1032 541 p.
1067 471 1176 524 160.
1259 473 1521 527 Chalmotus-
1536 480 1740 545 exinde,

237 543 504 610 bibliopola
526 542 730 606 nobilis,
772 544 852 609 qui
890 542 1060 592 librum
1094 545 1284 593 nitidius
1319 547 1561 597 edendum
1586 550 1741 610 susce·

232 627 396 682 perat,
436 629 463 660 a
489 627 567 660 me
591 612 844 661 contendit
855 651 871 675 ,
913 627 1057 680 atque
1080 613 1428 680 inpetravit,ut
1455 618 1614 667 titulus
1640 635 1742 668 mu-

230 696 421 731 taretur.
499 680 629 730 Hinc
663 681 1034 731 Emendatiommz
1067 681 1178 731 liber
1215 683 1460 752 inscriptus
1487 687 1568 736 est⁷
1656 689 1736 738 Ab

230 767 294 800 eo
330 767 549 818 tempore
585 767 751 817 parum
787 750 1015 817 processit
1050 769 1202 819 opus,
1244 771 1353 803 cum
1379 756 1454 804 vel
1481 773 1557 805 me
1583 757 1657 806 vel
1687 757 1717 806 li

230 821 434 869 brarium
458 820 580 869 aliud
609 837 668 868 ex
695 820 788 869 alio
812 835 1088 869 moraretur.
1138 821 1287 871 Unde
1313 825 1513 887 accidit,
1539 842 1589 874 ut
1615 843 1737 875 non-

229 889 345 937 nulli
381 889 714 938 correc‘tiones
739 907 764 936 a
787 906 863 937 me
890 905 1131 956 repertas,
1173 891 1224 939 &
1247 909 1355 939 cum
1372 894 1658 957 juvenibus,
1685 896 1737 943 li·

229 971 434 1007 terarum
460 956 674 1006 studiosis
688 995 703 1020 ,
730 958 780 1006 &
805 959 963 1007 amicis
977 960 1415 1022 ,communicatas,
1432 963 1579 1011 veluti
1605 969 1704 1013 luas
1716 1002 1733 1028 ,

229 1028 444 1075 ederent.
543 1027 637 1076 Sed
670 1044 769 1075 non
806 1026 968 1078 habeo
989 1027 1200 1078 rneceffe
1233 1027 1436 1097 fingulas
1469 1033 1734 1083 vindicare:

226 1112 335 1144 nam
357 1097 459 1163 quis
486 1111 704 1163 repertor
726 1096 900 1159 fuerit,
938 1097 1064 1164 ipsae
1086 1115 1240 1147 rerum
1257 1101 1423 1166 peritis
1440 1101 1730 1152 indicabunt,

228 1178 233 1180 ·
296 1165 538 1228 Interea,‘
564 1168 662 1230 jam
697 1165 939 1215 confeciis
977 1168 1026 1216 &
1063 1168 1201 1216 editis
1228 1168 1736 1221 Animadverfionibus·

227 1233 273 1283 in
310 1232 602 1300 Propertium
614 1272 632 1297 9
672 1235 824 1301 leges
859 1237 905 1283 in
942 1237 1029 1286 hac
1055 1238 1259 1304 regione
1285 1238 1406 1286 latae
1431 1238 1565 1302 sunt,
1610 1258 1731 1308 quae

225 1304 497 1373 praeclaros
524 1305 696 1353 librarii
721 1320 922 1366 conatus
947 1306 1090 1371 plane
1114 1307 1422 1355 retardarent.
1476 1309 1641 1375 ltaque
1666 1309 1731 1358 sti-

227 1374 316 1420 tius
342 1372 431 1420 fuit
456 1374 654 1435 librum,
696 1372 967 1439 praesertim
993 1375 1072 1440 qui
1102 1375 1199 1439 jam
1215 1373 1368 1441 justae
1393 1379 1729 1443 magnitudinis

227 1443 495 1505 videretur,
544 1442 740 1504 adjectis
768 1443 950 1510 aliquot
974 1444 1098 1491 notis
1124 1445 1169 1491 in
1195 1446 1350 1493 versus
1369 1444 1534 1494 Ovidio
1559 1446 1731 1514 suppo<

227 1509 366 1574 sitos,
407 1511 636 1576 vulgare,
678 1528 819 1578 quam
855 1511 1027 1572 diutius
1062 1513 1260 1562 meliora
1287 1529 1504 1580 tempora
1528 1517 1728 1582 sperare.

227 1579 282 1628 ln
308 1597 370 1629 eo
396 1580 661 1647 praecipuis
700 1581 828 1628 aurei
855 1579 997 1629 seculi
1022 1582 1210 1648 poetis,
1250 1585 1457 1649 graviter
1477 1601 1731 1652 aegrotan-

225 1650 383 1713 tibus,
430 1649 620 1697 adhibui
656 1650 969 1713 medicinam,
1015 1651 1090 1699 vel
1127 1652 1173 1698 in
1200 1651 1305 1700 Mffi
1331 1653 1486 1715 libris,
1526 1671 1731 1721 quorum

228 1716 412 1786 semper
448 1716 537 1765 fuit
571 1718 741 1785 copia,
792 1716 997 1767 feliciter
1031 1735 1300 1785 repertam,
1346 1722 1421 1770 vel
1447 1723 1506 1770 ab
1531 1724 1731 1790 ingenio

230 1789 442 1854 petitam.
551 1786 780 1853 Pleraque
815 1788 944 1836 enim
975 1789 1086 1836 vitia
1107 1827 1124 1853 ³
1174 1788 1446 1855 praesertim
1481 1794 1731 1859 graviora,

231 1855 552 1924 superstitibus
587 1855 715 1904 libris
750 1855 855 1905 sunt
888 1855 1161 1915 vetustiora.
1207 1857 1331 1924 Cap.
1355 1858 1414 1922 ΙΙΙ
1452 1860 1502 1909 &
1534 1861 1599 1909 lll
1643 1862 1732 1911 dis-

221 1927 506 1994 putationes
531 1925 746 1975 invenies
781 1926 841 1974 de
881 1924 1065 1975 Culicis
1103 1927 1154 1975 &
1188 1925 1579 1994 Ciris‘auEtoreg
1622 1949 1732 1980 cor-

231 1995 475 2045 rectiones
501 2009 690 2058 autem,
742 2013 857 2062 quas
902 1993 981 2044 Ti.
1022 1994 1379 2063 Hemsterhtfius
1410 2000 1458 2046 in
1492 1997 1734 2066 Propertio

231 2064 379 2129 fecit,
425 2081 510 2132 per
535 2065 600 2128 V,
638 2065 686 2113 &
721 2063 1053 2130 subsequentia
1088 2065 1330 2130 dispersas,
1408 2067 1459 2116 ld
1483 2085 1600 2117 vero
1626 2087 1732 2135 per-

231 2137 371 2204 saepe
396 2152 474 2202 egi
487 2172 504 2197 ,
528 2148 579 2183 ut
602 2132 762 2183 futiles
788 2133 835 2182 &
861 2135 1220 2184 commenticias
1244 2135 1304 2183 de
1325 2135 1605 2200 syllabarum
1630 2156 1735 2187 mo·-

233 2208 302 2256 dis
336 2205 592 2272 opiniones
616 2241 633 2267 9
683 2203 796 2253 licet
828 2203 1018 2270 penitus
1053 2202 1236 2267 infitaS,
1289 2205 1452 2253 animis
1485 2205 1734 2258 hominum

237 2276 456 2326 radicitus
491 2273 774 2338 evellerem,
819 2274 970 2338 longe
1012 2273 1170 2338 plures
1205 2274 1473 2341 evulsuruS‚
1523 2274 1556 2324 fi
1592 2277 1735 2326 telam

835 2341 1145 2381 7******4‹*
1195 2357 1218 2392 2
1574 2360 1732 2412 perte-
