2070 2740
355 151 436 193 232
577 131 1678 179 EMENDATIONVM

587 250 650 292 Di
665 262 802 305 quoqne
819 257 896 291 tam
905 246 1063 302 faciant
1075 249 1189 303 posfis
1201 248 1366 303 gaudere
1373 249 1483 304 fideli

642 308 825 364 Conjuge‚
856 319 964 360 qnam
993 305 1124 354 Talai,
1162 306 1421 361 Tyndareique
1437 319 1560 360 gener.

363 406 420 444 At
439 401 638 457 inpostor,
670 401 718 442 de
733 401 910 442 versibus
926 400 1028 440 inter
1043 399 1081 440 se
1097 397 1300 440 ne&endis
1318 400 1474 441 securus
1487 427 1499 448 ,
1512 400 1560 440 ad
1575 400 1647 441 hos
1665 400 1865 454 apposuit,

592 492 792 549 Quaeque,
821 498 962 543 parare
969 488 1053 542 suis
1069 489 1180 529 letum
1193 492 1427 546 patruelibus
1443 492 1552 546 ausae
1563 519 1576 540 ,

638 546 807 595 Belides,
841 545 987 599 assidua‘
1002 546 1093 587 colla
1104 554 1332 600 premuntur
1347 548 1458 601 aqud.

361 642 524 684 Deinde
543 654 625 682 non
642 650 720 681 tam
737 649 895 681 notatur
914 637 1123 680 infidelitas
1135 667 1146 686 ‚
1158 652 1274 692 quam
1293 637 1502 681 crudelitas
1519 639 1759 681 Dana'1'dum.
1778 641 1867 696 Hy-

358 702 466 752 ginns
489 699 517 739 f.
549 711 568 737 2
577 711 598 748 5
605 709 641 748 5.
692 696 803 754 Qgtae
826 696 960 749 impiae
973 693 1152 747 fuerunt.
1214 695 1407 750 Scylla„-
1423 694 1600 737 Ariadne
1615 722 1651 732 --
1667 696 1816 749 Progne
1832 723 1868 732 --

361 756 588 802 Danaides,
621 755 807 808 conjuges
830 753 918 794 suos
943 753 1140 805 patrueles
1166 753 1412 795 occiderunt.
1475 752 1642 794 Ovidius
1659 754 1776 795 Pont.
1797 754 1864 804 ΙΙΙ,

367 823 515 861 1,119.

585 902 695 961 Qticl
708 901 875 957 trepidas
887 904 906 942 ,9
936 902 1027 957 quid
1042 901 1149 944 adire
1164 904 1270 944 times
1281 904 1301 942 ἑ)
1329 915 1398 944 non
1415 903 1529 955 impia
1545 900 1718 955 Progne,

642 960 791 1000 Filiave
811 960 955 1000 Ae'e'tae
971 972 1058 1000 voce
1074 959 1254 1000 movenda
1269 957 1338 1000 tud
1353 957 1424 1014 est:

586 1014 670 1057 Nec
693 1029 813 1056 nurus
832 1018 1030 1069 Aegypti,
1063 1028 1125 1056 nec
1140 1014 1256 1067 saeva
1276 1015 1563 1067 Agamemnonis
1578 1026 1671 1057 uxor
1678 1029 1695 1065 ,·

641 1072 842 1125 Scyllam,
873 1084 964 1125 qnae
984 1071 1130 1111 Siculas
1146 1073 1292 1124 inguine
1314 1079 1433 1112 terret
1447 1083 1586 1124 aquas:

593 1127 810 1178 Telegonive
820 1136 981 1180 parem,
1013 1126 1205 1167 vertendis
1218 1135 1312 1167 nata
1321 1125 1462 1179 figuris
1471 1140 1486 1174 ‚·

643 1182 808 1223 Nexave
822 1182 974 1236 nodosas
988 1193 1108 1235 angue
1124 1180 1286 1236 Medusa
1304 1193 1431 1222 comas.

359 1278 397 1320 &
412 1279 524 1333 supra
542 1291 580 1321 v.
605 1291 693 1330 177.

585 1372 765 1431 Quaeque
779 1380 914 1426 gerunt
931 1372 1092 1413 humeris
1101 1373 1297 1426 perituras
1311 1369 1469 1412 Belides
1484 1368 1601 1414 undas

641 1429 779 1470 Exulis
796 1429 986 1483 Aegypti,
1018 1432 1131 1470 turba
1150 1438 1335 1477 cruenta,
1363 1441 1493 1470 nurus.

360 1536 494 1578 Seneca
513 1535 567 1577 H.
589 1535 681 1575 Oet.
700 1544 724 1582 9
731 1535 796 1584 58.

935 1608 973 1662 st
985 1621 1056 1662 qua
1073 1605 1248 1661 respersit
1264 1618 1395 1648 manus

646 1668 735 1708 Viri
751 1679 899 1713 cruore,
930 1678 993 1705 nec
1011 1677 1144 1705 memor
1160 1662 1278 1712 callae
1286 1661 1394 1716 facis

644 1724 784 1765 Striclo
802 1732 965 1764 cruenta
982 1720 1109 1762 Belias
1117 1718 1234 1774 ferro
1241 1718 1365 1776 stetit.

363 1824 399 1864 δε
415 1825 468 1868 11.
488 1825 530 1866 F.
547 1837 586 1866 v.
605 1824 701 1874 498.

591 1915 726 1962 Nunc,
757 1927 851 1955 nunc
868 1921 1054 1953 cruentae
1073 1911 1190 1963 Regis
1207 1903 1377 1965 Aegypti
1393 1923 1535 1959 nurus,

590 1971 749 2027 Adeste,
782 1968 1084 2022 inultosangnine
1101 1966 1260 2020 infefflae
1283 1980 1424 2027 manus.

365 2069 446 2111 Hic
463 2067 622 2119 quidem
639 2065 872 2106 Gronovius:
903 2085 1032 2110 ‚‚—-—
1058 2062 1166 2116 Quid
1178 2063 1197 2102 ⁴?
1214 2063 1241 2103 fi
1253 2090 1264 2109 ‚
1284 2062 1428 2102 cruenti
1437 2059 1624 2114 Regis?„
1651 2058 1716 2101 sed
1733 2060 1865 2113 conJe·

365 2127 510 2166 &uram
533 2123 716 2177 Jortinns
739 2120 886 2162 refutat
905 2120 944 2159 in
963 2119 1132 2171 Ephem.
1152 2119 1326 2159 Britann.
1346 2120 1395 2160 T.
1415 2130 1533 2158 xv111.
1555 2130 1593 2170 p.
1617 2118 1688 2167 85:
1721 2115 1869 2162 refutat

368 2181 530 2233 Nasonis
546 2180 733 2220 imitatio:
764 2177 911 2218 refutat
931 2176 1009 2228 ipse
1028 2175 1166 2216 Seneca
1185 2178 1209 2216 1.
1229 2190 1262 2217 c.

420 2230 548 2278 Erunt
575 2238 687 2276 ctiam
714 2234 842 2279 force,
873 2234 940 2282 qui
958 2232 1104 2274 ducant
1121 2241 1393 2289 argumentum
1425 2242 1448 2272 e
1471 2243 1512 2271 v.
1544 2243 1637 2282 177,
1669 2231 1759 2283 178.
1785 2232 1870 2282 qui-

366 2297 436 2337 bus
453 2293 606 2336 Belides
624 2300 911 2333 memorantur:

1824 2355 1871 2398 In
