2070 2740
484 178 520 220 C
634 178 674 218 A
783 177 815 218 P
890 178 892 181 '
929 175 972 216 V
1085 175 1121 217 T
1292 176 1396 220 xm.
1621 192 1696 231 241

238 287 430 341 Ejusdem
443 288 596 343 generis
615 284 926 326 additamentum
941 284 1136 337 reperitur
1151 294 1191 325 v,
1209 294 1262 337 43
1270 297 1308 338 7.

406 384 512 425 Aere
531 381 693 423 Perilleo
712 393 821 422 veros
837 380 983 420 imitere
1000 380 1202 434 juvencos,

459 438 530 481 Ad
535 435 707 491 formam
726 437 832 477 tauri
857 437 1092 477 conveniente
1098 434 1202 488 fimo,

405 496 539 550 [Utve
556 494 672 534 ferox
686 492 881 538 Phalaris,
912 490 1044 546 lingua
1061 495 1168 545 prius
1186 491 1277 533 ense
1294 492 1460 543 resectfi,

456 552 587 594 More'
596 549 711 591 bovis
722 575 734 596 ,
766 547 919 601 Paphio
937 549 1088 589 clausus
1105 549 1145 589 in
1161 561 1250 590 aere
1267 549 1434 604 gemas]

173 649 271 692 Non
295 647 400 687 enim
425 643 586 684 videtur
609 641 892 688 dubitandum,
925 642 1020 692 quin
1047 639 1181 682 mustor
1202 642 1251 682 ad
1273 643 1373 683 aeris
1396 641 1553 684 Perillei
1573 655 1681 687 men-

175 707 325 746 tionem
342 699 536 755 posterius
554 699 751 740 distichon
767 710 789 738 e
806 699 940 750 priore
956 696 1136 745 finxerit,
1167 696 1204 737 &
1221 698 1338 740 Trist.
1357 699 1412 748 V,
1437 712 1472 748 1,
1492 711 1558 753 53.

454 797 536 853 Ipse
557 796 718 838 Perilleo
739 793 918 837 Phalaris
931 795 1099 849 permiflt
1119 796 1157 836 iu
1174 809 1260 837 aere

509 853 637 896 Edere
651 853 839 904 mugitus,
870 850 920 899 ἐξ)
936 853 1041 893 bovis
1061 865 1121 894 ore
1137 854 1254 906 queri.

173 952 269 993 Hoc
286 950 404 991 docet
420 948 578 990 inficeta
603 949 661 988 rei
685 946 980 997 verborumque
1005 948 1211 999 repetitio:
1243 960 1340 990 ruore
1367 948 1491 996 bovis,
1530 947 1678 1003 adfor-

169 1021 268 1048 mam
294 1007 421 1054 tuuri;
453 1018 559 1051 aere,
589 1016 696 1044 aere:
727 1002 806 1042 hoc
830 1000 1077 1056 ar'gumenta,
1115 1004 1258 1055 quibus
1283 1004 1524 1049 Burmannus
1544 1016 1676 1048 motus

174 1091 204 1112 „
232 1061 454 1115 suspeft‘um
475 1060 549 1101 esse
566 1058 698 1112 poffe‚
719 1085 749 1105 2,
787 1058 990 1109 judicavit.

229 1121 282 1159 ib.
313 1130 409 1169 403.

400 1219 472 1260 Vel
488 1218 530 1258 de
541 1219 742 1272 praecipiti
757 1219 885 1259 venias
903 1217 940 1258 iu
961 1215 999 1258 T
993 1225 1134 1259 artara
1142 1218 1260 1273 saxo,

456 1273 511 1316 Ut
529 1276 591 1328 qui
607 1274 838 1316 Socraticum
855 1273 897 1314 cle
912 1286 994 1315 nece
1009 1275 1100 1326 legit
1116 1284 1211 1329 opus.

397 1330 474 1377 Ut‚
508 1331 572 1384 qui
594 1329 618 1370 1
625 1328 747 1383 heseae
754 1329 920 1383 fallacia
936 1331 1023 1371 vela
1042 1333 1191 1372 carinae

451 1386 584 1427 V1dit:
614 1394 654 1426 ut
672 1384 794 1426 Iliaca?
810 1383 933 1440 mzffus
947 1388 994 1426 ab
1010 1399 1096 1427 arce
1107 1396 1214 1440 puer.

398 1442 454 1483 Ut
470 1443 590 1482 teneri
603 1444 759 1490 nutrix,
793 1442 918 1483 eudem
935 1450 1162 1492 matertera,
1191 1444 1336 1486 Bacchi
1343 1461 1355 1490 :

453 1498 508 1538 Ut
527 1501 584 1539 cui
601 1497 720 1553 cuuffa
735 1499 832 1538 necis
841 1496 958 1551 serra
974 1507 1123 1553 reperta
1133 1498 1243 1552 fuit:

392 1554 537 1608 [Lvdia
556 1555 593 1594 sc
611 1555 782 1606 scopulis
800 1564 844 1594 ut
860 1555 971 1607 virgo
988 1556 1090 1595 mifit
1106 1558 1154 1596 ab
1173 1559 1256 1597 alcis
1269 1586 1280 1602 ,

443 1611 613 1651 Dixerat
629 1611 756 1650 invito
773 1621 873 1660 quae
891 1612 992 1653 mala
1005 1612 1128 1652 verba
1146 1612 1278 1666 Deo]

165 1708 319 1748 Cohaer
326 1716 393 1747 ent
402 1734 414 1754 ‚

392 1805 463 1848 Vel
478 1805 520 1848 de
529 1807 732 1862 praecipiti
748 1807 880 1848 vem'as
897 1808 935 1847 iu
959 1804 1234 1863 Tartarusaxo
1246 1836 1257 1858 ,

159 1912 224 1952 ut,
241 1929 276 1938 --
291 1910 356 1951 ut,
373 1928 407 1937 --
433 1911 476 1944 ut
486 1929 517 1937 --
544 1911 626 1945 ut·-
644 1910 730 1944 ut--
753 1910 797 1944 ut
813 1903 925 1957 virgo
948 1903 1083 1945 livida.
1150 1904 1288 1956 Itaque
1315 1905 1440 1948 caussa
1463 1919 1542 1949 non
1561 1920 1664 1957 erat,

160 1974 230 2002 cur
246 1969 508 2007 attexeretur‚
528 1958 572 2014 se
585 1959 743 2014 scopulis
764 1959 864 2013 misit
888 1960 935 2000 ab
960 1961 1060 2001 altis.
1127 1961 1310 2010 Deinde,
1341 1961 1485 2020 mtffim,
1510 1977 1548 2005 v.
1567 1970 1664 2015 496.

158 2017 369 2070 praecedit.
427 2017 616 2068 Denique
631 2016 800 2056 Metam.
819 2029 868 2063 11,
887 2018 982 2067 830.
1011 2026 1159 2058 mutata
1174 2020 1318 2072 legitur
1334 2021 1374 2062 in
1393 2021 1536 2063 saxum.
1580 2022 1666 2064 Cri-

161 2075 262 2114 ticos
279 2074 384 2114 enim
397 2071 561 2124 sequor,
595 2073 663 2124 qui
682 2072 904 2125 corrigunt:

380 2177 744 2233 Lividafiescopulis
759 2186 803 2219 ut
821 2179 933 2232 virgo
947 2179 1045 2234 mifit
1063 2181 1110 2221 ab
1127 2181 1237 2229 altis,

439 2235 610 2277 Dixerat
626 2236 752 2278 inviso
769 2248 862 2289 quae
876 2237 974 2277 mala
991 2237 1109 2278 verba
1125 2236 1206 2279 Deo
1215 2251 1230 2288 ,·

162 2337 203 2370 et
219 2329 419 2382 Aglauron
435 2328 686 2382 intelligunt,
714 2340 834 2381 quae,
865 2330 994 2427 livfff
1012 2339 1224 2379 macerata,
1254 2330 1293 2373 se
1309 2333 1667 2388 praeeipitaffefer-

980 2397 995 2424 Ἰ
1592 2400 1668 2431 tUl'·
