2070 2740
286 208 370 249 L11
527 179 1563 239 PRAEFATIO.

295 339 419 390 adeo
442 337 756 389 vehementer
778 330 1015 383 minatur?
1057 328 1160 381 Cur
1186 329 1329 399 igitur
1351 329 1505 380 ab'his
1530 333 1698 383 avertit
1721 349 1795 384 re-

297 425 447 480 pente
481 408 752 460 sermonem
786 398 1305 454 ston1achofiorem?--
1331 399 1499 468 Itaque
1524 403 1795 452 tentabam:

299 479 369 532 V
362 497 405 529 os
439 496 530 545 ego·
563 476 632 527 s1c>
651 473 987 536 incommoda,
1032 477 1156 539 quae
1184 470 1262 520 dat
1286 470 1478 536 vulgata
1501 469 1682 535 leEHo,
1704 473 1801 523 -de-

297 551 520 600 vitantur.
535 586 569 611 „
611 546 742 598 Dein
765 543 860 611 ipsa
888 543 1180 608 Scriptorum
1204 541 1312 608 loca
1323 548 1355 604 ,ἴ
1382 557 1504 607 quae
1533 555 1702 590 contra
1725 557 1816 593 me·

302 619 464 670 facere
488 618 793 677 viderentur,
835 611 1020 662 ostendi
1058 609 1332 661 testimonio
1367 608 1463 660 else
1476 647 1495 674 ,
1521 627 1622 659 eos
1646 611 1692 658 in
1717 610 1815 661 suis:

303 690 459 752 libris,
509 703 612 753 quos
632 724 650 749 ,
713 701 811 732 non
853 679 1098 729 invenisse.
1187 678 1435 729 Postremo
1471 678 1805 744 conjeffturam

305 759 478 821 Statii,
523 771 751 822 magnum
774 749 1046 816 magistrum
1068 749 1252 814 semper
1276 750 1469 810 imitati,
1494 749 1607 798 loco
1635 748 1805 798 s1milli-

305 824 592 887 mossfirmavi
617 823 785 874 Theb.
812 836 877 871 1v,
902 819 984 869 ubi
1011 816 1219 870 Tiresias
1245 818 1452 885 graviter
1474 819 1676 869 minatus
1702 818 1803 870 sub-

300 912 401 965 jicit
426 913 476 946 v.
506 909 620 960 512.
1300 912 1302 914 ’

445 1005 521 1057 Ne
544 1017 689 1053 tenues
711 1019 870 1066 annos,
908 998 1148 1066 nubemque
1165 997 1278 1048 hanc
1285 995 1465 1064 frontis
1488 1010 1647 1065 opacae

456 1074 692 1141 Spemite,
737 1091 788 1122 ne
814 1089 960 1120 moneo
972 1108 989 1134 ,
1035 1067 1091 1121 59⁹
1111 1068 1231 1118 nobis
1236 1070 1420 1132 saevire
1429 1066 1650 1135 facultas.

449 1143 652 1211 Jamque
677 1161 777 1210 ego
802 1159 905 1192 vos.
930 1137 1056 1189 avide
1063 1138 1233 1203 fitbicit
1257 1136 1484 1187 Phoebeia
1509 1137 1677 1187 filanto
1689 1176 1707 1203 ,

448 1214 674 1278 Audiris‚
707 1216 915 1279 genitor,
959 1209 1193 1276 vulgusque
1216 1207 1434 1274 exstzngue
1449 1206 1743 1275 propinquat.

313 1322 443 1390 Quid
478 1322 535 1371 ad
570 1322 690 1369 haec
716 1317 1069 1384 reprehensor?
1115 1316 1420 1381 Argumenta
1442 1313 1602 1364 nostra
1624 1314 1817 1365 filentio

313 1392 535 1462 praeterit
548 1409 563 1454 3
625 1385 957 1454 conjetssturam
990 1381 1325 1433 modestiffime
1360 1383 1652 1452 propofitam
1689 1385 1816 1434 dam-

314 1477 393 1511 nat
418 1461 474 1510 ad
499 1459 661 1526 Aquil.
688 1475 733 1524 p.
769 1471 882 1519 147.
910 1454 1000 1503 hac
1024 1467 1165 1502 nota:
1204 1491 1245 1517 9,
1271 1451 1377 1503 Vos
1399 1470 1505 1519 ego:
1543 1454 1613 1503 vir
1636 1453 1818 1504 dofflis-

315 1530 479 1593 simus3
519 1548 543 1578 a
569 1545 667 1596 quo
694 1528 757 1574 ita
781 1522 1031 1586 dissentio,
1071 1535 1152 1585 ut,
1192 1519 1226 1569 fi
1252 1537 1422 1571 omnes
1446 1522 1642 1571 codices
1668 1523 1817 1573 habe-

315 1615 422 1651 rent
434 1637 452 1664 9
500 1597 604 1647 Vos
627 1614 702 1662 ego
714 1634 730 1659 ,
775 1610 898 1643 unus
933 1590 1176 1658 spectatae
1200 1586 1313 1639 fidei
1325 1628 1342 1654 ,
1389 1589 1514 1657 Quos
1535 1609 1641 1657 ego,
1687 1591 1816 1642 hunc

317 1668 521 1734 Virgilii
542 1683 734 1716 manum
760 1659 1056 1713 conservasse
1079 1672 1314 1728 putarem.
1337 1697 1377 1723 ,,
1434 1659 1684 1710 Modeste!
1723 1661 1819 1711 Sed

317 1755 497 1806 operae
544 1735 748 1804 pretium
790 1730 860 1783 est
903 1731 1066 1780 audire
1111 1725 1424 1778 diffentientis
1458 1744 1766 1796 argumenta:
1779 1768 1823 1796 „

321 1808 466 1858 Adeo
503 1805 773 1855 luculenter
806 1801 963 1852 oratio
997 1799 1186 1849 turbata
1217 1797 1437 1865 exprimit
1469 1796 1689 1865 Neptuni
1724 1802 1822 1849 ani·

319 1895 449 1929 mum
471 1876 723 1925 turbatum.
813 1870 944 1920 Vere
968 1867 1201 1933 Longinus
1223 1877 1273 1914 Π.
1301 1877 1344 1916 Υ.
1377 1867 1408 1932 5
1437 1881 1514 1915 20.
1552 1870 1593 1913 ἐν
1616 1873 1722 1928 ‘telget
1742 1875 1822 1930 γάρ

320 1953 367 1995 τὸ
398 1950 581 2007 ἠρεμοῦν,
619 1946 658 1990 ἐν
692 1945 835 2001 ἀταξίᾳ
870 1944 909 1986 δὲ
942 1943 987 1985 τὸ
1016 1942 1156 1990 πάθος.
1184 1951 1325 2004 quam
1349 1937 1656 2002 personarum
1678 1937 1824 1987 etiam

324 2015 639 2067 mutationem
670 2011 719 2059 in
754 2007 834 2058 tali
869 2007 1009 2056 animi
1041 2006 1372 2054 commotione
1406 2003 1626 2055 similibus
1663 2023 1823 2057 exem-

326 2086 413 2156 plis
435 2081 627 2133 illustrat
648 2081 678 2147 §
706 2094 782 2146 27.
842 2116 880 2142 2,
904 2075 1144 2145 Equidem
1167 2075 1358 2124 turbato
1385 2076 1623 2124 turbatum
1647 2078 1824 2130 sermo-

327 2172 440 2205 nem
472 2151 735 2203 convenire
768 2165 870 2198 non
905 2163 1037 2214 nego
1047 2165 1064 2208 3
1114 2159 1443 2197 verumtamen
1474 2162 1595 2214 puto
1621 2146 1822 2198 dubitati

330 2221 462 2295 posse
476 2261 494 2287 2
539 2240 598 2272 an
624 2221 805 2272 animus
827 2215 1078 2285 Neptuni,
1124 2216 1204 2283 qui

741 2323 920 2387 stemma
940 2319 1179 2388 placidum
1200 2332 1343 2387 caput
1366 2321 1529 2373 extulit
1551 2292 1703 2384 unda,
1723 2383 1795 2437 ald

1691 2403 1722 2435 v
1800 2403 1834 2438 e
