2070 2740
319 211 394 248 124
520 189 1633 236 EMENDATIONVM

373 311 653 351 Memoranmr
676 305 860 354 codices,
891 308 959 358 qui
981 306 1230 359 praeferant,
1274 305 1440 348 Viderat
1463 309 1524 350 ille
1548 309 1722 364 Phrygas
1746 308 1832 358 &ex

315 371 392 409 hoc
416 369 484 408 filo
501 367 550 407 ad
567 364 864 418 Propertianam
879 376 1039 405 manum
1056 365 1258 417 perveniri
1275 364 1385 417 poss'e
1402 365 1602 407 existimo:
1633 367 1699 407 Tu
1716 370 1833 411 etiam
1879 372 1886 374 “

316 436 434 478 atque
459 425 578 465 etiam
602 421 827 469 confidera,
857 422 924 462 hic
948 423 1164 464 versiculus
1183 450 1196 470 ,
1234 434 1283 462 an
1306 422 1521 464 felicissima
1542 424 1686 477 poe'tae
1710 426 1833 468 nostri

315 495 420 525 vena
436 483 484 525 fit
499 481 705 534 indignus:

546 569 712 611 Viderat
727 568 790 609 ille
804 569 1003 623 Phrygas,
1033 569 1166 611 fractis
1177 598 1191 618 ,
1222 572 1262 610 in
1279 571 1396 611 litore
1407 599 1419 619 ,
1450 573 1617 614 Achivis
1629 601 1642 620 ,

593 625 761 667 Fervere
777 621 828 671 &⁹
844 625 1036 667 Heaorea
1050 626 1199 669 Dorica
1215 624 1340 680 castra
1349 625 1455 681 face.

320 725 422 766 Sane
448 721 544 774 quid
566 720 749 767 Achilli,
794 720 908 760 heroi
931 716 1187 773 praeferoci,
1231 721 1352 773 magis
1383 720 1679 761 intolerandum
1710 720 1840 761 videri

319 780 472 835 potest,
503 791 642 830 quam,
673 775 808 818 fractis
825 777 1016 824 Achivis,
1047 776 1245 830 Phrygas,
1275 777 1438 816 navium
1454 776 1612 817 stationi
1630 779 1838 819 imminen-

320 848 404 884 tes,
437 838 477 876 in
507 837 625 875 litore
659 833 910 886 conspicere:
941 833 1035 874 istos
1059 842 1193 874 tamen
1224 832 1386 883 hostiles
1418 832 1583 874 insultus
1608 834 1646 874 δε
1669 834 1839 874 furentis

323 893 512 936 Hectoris
536 891 644 932 faces
668 890 883 944 generosus
907 891 1058 931 animus
1082 900 1127 930 ut
1150 882 1314 943 impune
1338 891 1621 933 transmitteret
1637 918 1650 938 ‚
1681 901 1840 946 ereptae

323 949 508 997 Briseidis
527 948 643 988 dolor
659 947 869 1000 inperavit.
889 946 1232 988 HEMSTERH.

380 1036 434 1075 ib.
451 1033 507 1075 vs.
525 1045 594 1084 41.

548 1126 729 1181 Penelope
741 1134 894 1181 poterat
912 1127 967 1168 his
983 1125 1091 1168 denos
1107 1127 1211 1169 saIva
1222 1137 1292 1181 per
1309 1140 1423 1169 annos

607 1183 775 1231 Vivere,
807 1191 886 1224 tam
906 1184 1032 1223 multis
1040 1182 1192 1235 femina
1209 1184 1324 1236 digna
1336 1183 1477 1237 procis.

329 1269 587 1327 Paſjeratins:
617 1269 807 1316 „vivere
821 1266 964 1320 salva,
995 1269 1168 1321 integra,
1200 1267 1399 1308 &intacta
1414 1277 1669 1320 permanere:
1701 1266 1848 1316 Salva,

327 1330 439 1380 c-ujus
462 1326 658 1379 pudicitia
679 1326 790 1365 nulla
813 1336 862 1365 ex
876 1334 988 1377 parte
1004 1325 1225 1367 imminuta.
1286 1325 1353 1365 Sic
1370 1323 1535 1365 Plautus
1552 1325 1752 1377 Amphitr.
1771 1324 1851 1378 fig-

328 1397 416 1425 mam
430 1382 588 1437 salvum
611 1380 673 1437 est.
699 1382 738 1422 id
763 1381 842 1429 est,
873 1382 1172 1435 incorruptum,
1211 1380 1416 1422 intactum.
1441 1379 1692 1422 ——Livius
1720 1395 1756 1429 1,
1783 1384 1848 1433 58.

332 1440 614 1498 ,Quaerentique
638 1440 747 1486 viro,
769 1437 880 1492 satin
904 1438 1062 1479 salvae?
1098 1438 1191 1493 quid
1212 1440 1307 1479 enim
1330 1439 1429 1479 salvi
1452 1436 1503 1493 est
1518 1438 1689 1486 mulieri,
1706 1436 1850 1494 -amtffa

328 1496 545 1550 pudicitia?
575 1496 668 1537 Nec
684 1497 797 1536 aliter
813 1494 1023 1551 Livinejus
1039 1496 1078 1536 ἀ
1137 1497 1259 1548 ulpius
1274 1497 1597 1547 interpretantur.
1658 1497 1715 1535 At
1730 1496 1851 1535 vitio-

334 1555 372 1595 se
397 1555 609 1607 colligunt:
648 1553 717 1591 etfi
742 1553 849 1591 enim
872 1553 1021 1601 liquet,
1058 1551 1097 1591 L
1140 1563 1298 1592 morum
1314 1551 1494 1592 sermone
1511 1552 1602 1591 trita
1617 1550 1753 1598 fuifl'e,
1769 1550 1853 1604 sal-

336 1623 425 1650 vam
447 1609 733 1660 virginitatem,
755 1605 912 1660 salvam
929 1605 1178 1659 pudicitiamg
1207 1619 1291 1647 non
1315 1616 1448 1648 tamen
1470 1607 1644 1659 sequitur
1660 1635 1673 1654 ,
1711 1617 1756 1647 ut
1778 1607 1871 1654 sal-.

337 1679 425 1707 vam
442 1666 678 1706 vocaverint
690 1663 876 1717 puellam,
906 1663 1018 1715 cujus
1035 1665 1188 1717 integra
1203 1663 1355 1704 castitas
1373 1662 1481 1703 esset.
1549 1661 1714 1703 Rectius
1734 1665 1854 1718 igitur

337 1724 411 1764 viri
430 1722 644 1762 doctissimi
661 1719 799 1760 Franc.
823 1718 1014 1773 Guyetus‚
1045 1720 1084 1761 δι
1107 1719 1179 1776 Jo.
1204 1719 1447 1761 Arntzenius
1463 1719 1512 1760 ad
1528 1719 1673 1773 Script.
1692 1719 1742 1760 de
1757 1721 1854 1761 viris

338 1779 479 1820 illustr.
506 1791 590 1831 cap.
616 1780 684 1827 46.
716 1779 851 1818 locum
873 1778 1059 1818 vitiatum
1083 1777 1333 1818 censuerunt.
1394 1777 1449 1818 Et
1472 1777 1538 1817 hic
1553 1777 1714 1828 quidem
1732 1778 1855 1817 corri-

337 1837 476 1889 gebat,
499 1834 660 1888 semft‘a3
698 1835 766 1874 ille
789 1843 921 1876 autem
938 1862 951 1881 ,
991 1832 1104 1888 casta.
1180 1835 1281 1875 Sane
1303 1846 1426 1874 voces
1448 1843 1726 1885 permutantur
1750 1833 1857 1886 apud

344 1891 480 1933 Tibull.
507 1891 582 1938 IV,
608 1903 666 1937 1v,
698 1893 759 1930 16.
790 1903 880 1930 narn
904 1902 977 1942 pro
995 1917 1008 1936 ,
1036 1889 1156 1942 sctlva
1179 1891 1313 1942 puella
1335 1891 1409 1930 tibi
1432 1889 1509 1936 est,
1552 1886 1666 1945 Voffii
1690 1891 1790 1930 liber
1814 1891 1856 1929 in

339 1956 554 1993 contextu,
583 1957 704 1996 quem
727 1955 898 1992 vocant,
930 1946 1051 1985 habet
1075 1944 1196 2000 casta,
1227 1946 1557 1999 superscriptum,
1578 1946 1709 1999 salva.
1771 1944 1858 1985 Mi·

338 2006 382 2045 hi
406 2014 538 2044 tamen
560 2014 643 2042 non
665 2003 800 2054 paullo
823 2003 990 2053 propius
1016 2002 1065 2041 ad
1089 2005 1291 2055 vulgatam
1307 2003 1539 2056 scripturam
1555 2002 1768 2050 accedere,
1799 2011 1855 2042 at-

344 2072 418 2115 que
435 2060 534 2101 adeo
551 2060 692 2100 melius
709 2059 1040 2112 lococongruere
1061 2059 1272 2104 videbatur
1289 2086 1302 2106 ,

565 2161 746 2215 Penelope
757 2170 906 2215 poterat
927 2162 982 2202 his
999 2159 1105 2202 denos
1123 2162 1202 2202 sola
1212 2170 1283 2216 per
1298 2174 1417 2202 annos·

623 2218 798 2268 Vivere,
829 2227 907 2259 tam
923 2216 1206 2272 multisfemina
1222 2218 1337 2272 digna
1347 2219 1481 2272 procis.

350 2305 458 2348 Solu5
477 2306 532 2348 est
550 2335 562 2354 ,
600 2310 667 2359 qui
698 2310 780 2350 sinc
811 2309 979 2363 conjuge
1011 2309 1048 2349 &
1079 2311 1203 2350 amica
1225 2309 1344 2362 degit.
1413 2307 1608 2362 Apposite
1631 2304 1791 2347 Servius
1812 2305 1861 2346 ad

357 2363 466 2417 Virg.
491 2365 596 2412 Aen.
628 2377 692 2412 iv,
720 2368 784 2408 82.
846 2365 938 2407 Sola
963 2365 1062 2410 domo
1087 2373 1223 2425 urgeret
1248 2365 1407 2419 vacua]
1439 2376 1442 2381 ·
1467 2366 1559 2408 Sola
1574 2363 1653 2416 fine
1669 2376 1727 2409 eo,
1758 2375 1862 2459 qraetm

341 2432 346 2436 ·
1687 2432 1817 2461 amma
1846 2433 1862 2468 ς
