2070 2740
515 206 749 248 *c·>A·
843 206 925 248 P·
985 204 1027 248 v
1134 202 1174 245 T
1365 203 1502 248 νηὶ.-
1643 212 1735 256 ,ω

216 330 318 373 Non
343 331 485 372 damno
509 330 700 382 loquendi
711 340 862 385 genus,
878 328 1002 381 liquor
1016 325 1279 378 antrat-igar:
1307 327 1486 367 fimiliter
1501 326 1607 366 enim
1623 325 1734 366 locu-

217 400 278 429 tus
296 389 352 430 est
372 388 543 429 Catullus
559 401 663 435 an,
683 399 748 438 27.

603 487 729 537 Perge
744 485 910 538 linquere
931 480 1111 536 Thespiae

601 543 727 596 Rupis
743 541 887 582 Aonios
904 541 1042 593 specus
1051 568 1066 588 ,

604 600 794 651 Lympha
811 611 909 649 quos
916 597 1035 651 super
1051 597 1193 650 inrigat

663 655 873 708 Frigeraus
888 655 1116 708 Agaiiippae
1126 666 1139 693 .·

206 764 326 806 quem
349 750 614 795 Sannazarius
637 763 763 803 aeque
786 764 831 792 ac
855 749 1101 803 Propertium
1125 747 1286 790 videtur
1309 748 1484 790 imitatus
1507 744 1624 802 Eleg.
1650 747 1724 794 ΠΙ,

213 823 249 859 1,
273 814 310 851 6.
1200 820 1203 823 ·

669 895 863 940 Aonidum
878 897 1027 950 perluit
1044 904 1153 936 antra
1169 895 1313 945 liquor.

205 984 332 1028 Poeta
351 995 504 1035 tamen,
534 999 622 1027 mea
637 986 800 1037 quidem
815 985 1033 1030 sententia,
1064 983 1238 1036 scripsit,

539 1077 630 1119 Nou
647 1076 795 1130 operosa
812 1077 911 1129 rigat
926 1073 1104 1114 Marcius
1120 1086 1212 1115 arva
1228 1074 1382 1124 liquor:

203 1175 250 1209 ut
268 1165 434 1208 Ovidius
449 1168 588 1207 Amor.
608 1165 683 1212 ΙΙΙ,
700 1177 760 1211 vl,
778 1166 846 1213 46.

428 1256 511 1298 Nec
528 1265 562 1297 te
575 1263 793 1309 praetereo,
825 1256 914 1306 qui,
945 1263 1013 1308 per
1031 1268 1128 1296 cava
1135 1254 1238 1309 saxa
1255 1255 1426 1301 volutus,

488 1313 640 1354 Tiburis
656 1312 784 1365 Argei
796 1310 986 1365 pomifera
1003 1325 1095 1353 arva
1113 1314 1224 1366 rigas.

202 1415 257 1455 ita
269 1413 450 1468 pomariis
466 1409 563 1464 apte‘
568 1411 789 1465 junguntur
806 1422 908 1450 arva
919 1437 930 1455 ,
950 1422 1049 1460 quae
1062 1409 1229 1463 pomosa,
1262 1409 1298 1448 δε
1310 1404 1502 1461 pomifera
1518 1405 1718 1446 dicuntur.

202 1470 324 1512 Arva
347 1480 478 1510 autem
502 1465 650 1520 operosa
674 1475 824 1507 vocant
848 1465 997 1506 Pliuius
1021 1467 1077 1507 H.
1102 1466 1159 1506 N.
1178 1465 1334 1512 XVIII,
1359 1478 1425 1512 xv,
1446 1475 1511 1515 37.
1551 1460 1600 1508 δέ)
1616 1462 1720 1502 vicia

199 1525 442 1583 pinguescunt
472 1537 564 1564 arva
580 1551 592 1570 ,
630 1536 693 1563 uec
722 1522 804 1576 ipsa
827 1523 1012 1587 agricolis⁵
1026 1522 1203 1575 operosa.
1229 1522 1268 1562 ἃ
1294 1520 1460 1562 Ovidius
1490 1521 1541 1562 A.
1567 1520 1658 1560 Am.
1686 1531 1717 1565 Ι,

205 1594 303 1635 399·

428 1674 610 1727 Tempora
626 1673 790 1727 quisalis
810 1674 974 1726 operosa
992 1672 1189 1714 colentibus
1205 1685 1297 1714 arva

479 1730 672 1778 Fallitur,
703 1728 753 1776 &⁹
771 1731 898 1770 nautis
918 1728 1155 1783 adspicienda
1166 1737 1294 1782 putat.

200 1848 241 1878 v.
260 1835 394 1877 Burin.
419 1835 468 1875 ad
491 1836 631 1876 Amor.
657 1834 710 1883 ΙΙ,
736 1846 824 1881 Χνῐ,
851 1846 916 1884 33.
948 1831 1005 1881 ἀ,
1040 1845 1157 1884 quem
1182 1832 1314 1872 laudat
1329 1829 1490 1872 Broekh.
1509 1828 1557 1869 ad
1578 1826 1715 1869 Tibull-

203 1894 238 1943 Ι,
253 1907 293 1942 x,
315 1896 351 1935 8.
404 1892 540 1933 Antra
555 1904 654 1933 vero
672 1892 710 1931 &
725 1903 828 1931 arva
843 1892 1059 1943 permutari
1075 1891 1201 1931 solere
1216 1889 1388 1931 vidimus
1406 1887 1575 1929 observ.
1590 1899 1630 1940 p.
1650 1897 1718 1938 27.

258 2001 307 2036 11,
323 1998 364 2038 4.

203 2079 697 2125 HEMSTERHVSIVS
715 2078 764 2119 ad
780 2079 833 2127 ΙΙ,
850 2091 926 2120 XVI
940 2092 954 2120 1
968 2092 1003 2128 1,
1024 2082 1067 2121 6:
1096 2080 1231 2122 versus
1254 2080 1320 2120 ine
1335 2079 1486 2127 sextus,

481 2172 724 2214 Marruoreus
740 2172 861 2212 tacita
881 2184 1027 2213 carmen
1043 2173 1149 2213 hiare
1165 2171 1276 2225 lyra,

205 2267 420 2310 cultissimo
445 2263 685 2306 Sammzario
709 2264 924 2317 imposuit,
970 2265 1036 2314 qui
1067 2273 1205 2315 parum
1230 2256 1402 2312 inspeeta
1423 2256 1567 2310 poetae
1590 2254 1713 2303 nostri

205 2325 471 2378 proprietate,
502 2321 543 2361 id
565 2322 637 2361 fibi
662 2324 781 2362 licere
799 2322 1007 2362 arbitratus
1025 2320 1104 2368 est,
1133 2327 1179 2360 ut
1193 2318 1360 2361 ssmilem
1376 2314 1425 2356 ad
1439 2314 1610 2359 formam
1625 2313 1717 2355 scrin

206 2383 321 2423 beret
344 2380 441 2421 IEl.
460 2391 528 2427 xl,
545 2378 752 2420 18.11E1.
776 2392 791 2419 1
806 2391 841 2426 Ι,
865 2390 926 2418 12.

944 2433 980 2475 T
1010 2443 1035 2472 2
1616 2425 1723 2467 Alci„
