2070 2740
262 172 362 209 le
521 154 557 203 P
634 148 700 199 R.
762 146 831 196 Α
879 145 941 200 Ε·
997 144 1169 205 EA<
1228 144 1286 197 T
1355 147 1379 200 I
1449 146 1526 199 0,-

408 305 510 359 Nec
531 300 614 354 tibi
649 300 755 352 diva
779 312 973 368 parens,
1011 300 1187 366 generis
1208 314 1285 349 nec
1306 297 1561 351 Dardanus
1585 299 1787 368 anaor,—

417 372 607 428 Perfide
620 392 637 437 3
659 371 750 439 fid
767 371 890 422 duris
907 374 1063 438 genuit
1087 384 1135 421 te
1160 369 1356 420 cautibus
1376 369 1560 422 barrem

415 446 634 509 Cauctffus
645 484 662 511 ,
710 442 1031 511 Hyrcanaeque
1054 440 1289 491 admorunt
1315 439 1448 490 ubera
1471 445 1624 509 tigres.

409 518 538 570 Nam
557 515 666 584 quid
689 513 906 582 disfimulo
919 510 947 563 P
962 526 1040 562 aut
1064 530 1171 580 quae
1194 530 1261 562 me
1283 510 1346 561 ad
1363 513 1538 575 majora
1556 511 1731 576 refirvo
1745 510 1775 563 ?

412 587 539 639 Num
547 587 669 654 fletu
689 585 924 654 ingemuit
944 583 1089 649 nostro
1103 581 1131 633 P
1174 601 1278 634 num
1299 583 1465 632 lumina
1486 580 1654 633 flexit?

411 657 542 708 Num
572 657 790 775 lacrf’cmas
821 652 963 705 vistus
985 653 1151 705 dedit?
1196 667 1272 704 aut
1294 650 1535 705 miseratus
1557 663 1780 704 amantem

636 742 664 777 e
719 725 742 773 52

272 845 453 899 Habeo
478 859 667 909 tamen,
714 844 847 914 quod
882 841 1213 911 respondeam.
1301 840 1398 892 Hic
1427 843 1596 895 mulier
1620 842 1772 894 Furiis

273 917 464 969 incensa
489 915 654 983 (376)
680 915 920 983 loquitur3
959 913 1025 964 ibi
1049 910 1341 981 Neptunus³
1382 913 1464 979 qui

692 1036 872 1101 fizmma
893 1033 1133 1103 placidum
1155 1049 1300 1104 capnt
1323 1032 1488 1084 extulit
1510 1033 1641 1084 unda.

273 1163 427 1217 Miror
448 1162 610 1229 itaque
638 1158 863 1224 Heynium
876 1198 893 1224 ,
928 1159 1061 1227 quod
1084 1157 1350 1211 Ruhrzkenii
1366 1159 1599 1224 judicium
1623 1158 1776 1210 subse-

272 1248 410 1285 cutus
446 1232 503 1282 ad
539 1229 801 1296 V'z'rgilium
833 1228 1030 1294 scripsit:
1081 1267 1121 1294 ,,
1144 1231 1230 1279 Vir
1259 1228 1465 1279 *Dofirus
1501 1231 1629 1294 conj.
1671 1229 1777 1280 Vos

274 1321 381 1370 ego,
406 1301 560 1370 -quod
595 1300 672 1350 vel
704 1301 753 1348 in
786 1298 995 1367 pedestri
1031 1300 1255 1350 oratione
1280 1299 1490 1350 deterius
1525 1297 1671 1364 esset,
1722 1312 1776 1349 ut

276 1372 517 1444 praeclare
544 1371 642 1436 jam
678 1368 868 1419 monuit
900 1365 1280 1437 elegantissimus
1315 1367 1651 1418 Ruhnkenius.
1675 1396 1715 1407 --
1736 1400 1775 1433 ‚3

276 1443 370 1492 Sed
395 1455 473 1490 aut
499 1440 815 1491 vehementer
836 1434 1007 1503 fallor,
1052 1452 1133 1488 aut
1168 1438 1239 1488 vir
1262 1437 1440 1488 doetus
1466 1438 1775 1489 Observatio-

274 1529 360 1561 nes
394 1509 574 1559 nostras
610 1509 698 1557 suis
733 1509 887 1559 oculis
921 1525 1022 1556 non
1048 1508 1178 1557 vidit.
1255 1506 1459 1557 Vidisset
1478 1511 1609 1556 enim
1632 1507 1680 1558 se
1703 1525 1775 1558 re-

273 1580 413 1630 futari
439 1580 551 1628 loco
590 1577 760 1642 Statii,
807 1583 888 1645 qui
926 1590 1110 1626 tantum
1143 1574 1327 1640 abfuit,
1371 1589 1425 1625 ut
1461 1575 1665 1626 sermoni
1690 1594 1774 1645 pe-

277 1649 416 1699 destri
451 1647 610 1697 similia
645 1646 898 1709 scriberet,
942 1660 994 1693 ut
1031 1645 1274 1694 nonnullis
1298 1662 1372 1692 ore
1396 1648 1480 1693 vix
1502 1645 1690 1695 humano
1711 1659 1776 1696 to—

274 1737 382 1768 nare
413 1717 567 1767 difflus
604 1715 669 1764 sit.
759 1715 853 1763 Sed
892 1731 952 1762 ne
983 1714 1140 1781 plura:
1196 1713 1429 1778 Guyetus,
1489 1712 1698 1765 Criticus
1727 1716 1777 1766 &

277 1792 425 1857 poeta
459 1786 661 1849 nobilis,
719 1784 850 1851 quod
887 1799 1078 1831 mecum
1112 1780 1365 1834 doeffiffimi
1401 1783 1775 1850 reprehensores

279 1857 566 1925 ignorabant
590 1892 607 1917 ,
667 1855 842 1919 pariter
877 1866 1019 1899 antea
1053 1853 1259 1901 correxit
1294 1853 1352 1902 ad
1389 1851 1511 1902 Stat.
1551 1852 1653 1902 Th.
1696 1871 1778 1919 lv,

283 1924 396 1987 276.
453 1923 534 1973 ubi
569 1922 617 1971 in
653 1920 1084 1985 annotationibuS,
1151 1919 1385 1973 Parifienfi
1434 1921 1681 1973 Michaelis
1727 1923 1780 1975 de

284 1994 504 2046 Marolles
528 1992 728 2043 editioni
745 1990 955 2058 junGtis,
981 1989 1085 2041 sero
1111 1993 1290 2059 reperi:
1323 2031 1362 2059 2,
1379 1990 1506 2058 Vos]
1535 1991 1641 2042 Mff.
1657 2010 1781 2060 quos..

283 2080 452 2115 contra
476 2063 600 2131 apud
626 2061 693 2114 V
687 2067 774 2129 irg.
801 2079 904 2129 quos
925 2079 1029 2128 ego,
1071 2079 1192 2130 pro,
1231 2081 1318 2113 vos.
1351 2063 1410 2113 G.
1428 2101 1466 2127 ,,
1519 2062 1673 2129 Hujus
1698 2081 1776 2113 au-

285 2134 626 2200 temjudicium
659 2138 797 2201 (pace
823 2122 1194 2183 dissentientium
1217 2132 1376 2184 dicere
1411 2133 1583 2200 liceat)
1604 2134 1777 2186 multo-

285 2222 385 2253 rum
409 2205 679 2254 Rhetorum
697 2203 885 2269 judiciis
911 2217 1176 2270 antepono.

353 2284 576 2352 Tempus
611 2285 753 2334 etiam
787 2284 906 2350 fuit,
946 2302 1046 2355 quo
1083 2281 1373 2337 docstiffimus
1412 2282 1696 2349 theykius
1718 2283 1779 2333 de

1663 2369 1781 2403 ven-
