2070 2740
288 157 343 200 66
463 141 1591 194 EMENDATIONVM

287 315 316 337 ,‚
348 285 504 326 &orum
532 283 742 323 hominum
771 277 962 320 industria
992 278 1249 318 concinnatas
1279 276 1532 320 referendam
1558 281 1662 322 bene
1686 283 1816 324 omni.⁴

289 373 318 393 „
350 356 402 383 no
437 341 589 394 judicat
624 339 821 380 Nicolaus
861 337 1106 383 Gerbelius,
1152 334 1404 389 praefatione
1440 337 1658 380 Illustratae
1690 341 1815 382 Grae.

289 429 317 451 „
349 401 462 448 ciae,
509 399 576 450 qui
615 396 653 436 δι
682 396 946 435 imitationem
985 393 1268 433 Maronianam
1297 395 1339 433 in
1367 394 1427 435 his
1457 395 1636 436 verfibus
1667 397 1816 439 indica-

289 486 320 507 „
350 459 421 497 vit.
449 484 478 504 ‚,
548 454 743 508 Quamvis
772 465 871 492 vero
907 450 1097 502 Virgilius
1133 452 1174 491 in
1203 451 1277 490 hac
1306 450 1521 493 insularum
1551 457 1818 496 enumeratio-

290 526 343 556 ne
372 515 619 566 negligenter
649 510 823 550 versatus
855 507 931 548 ess'e
962 508 1175 556 videatur,
1219 520 1424 560 nunquam
1453 519 1587 551 tamen
1615 506 1817 562 adducar,

290 582 337 612 ut
368 583 459 610 eum
488 566 676 621 scripflsse
707 567 889 613 credam,

459 662 716 717 Flore.⁷1sisque
741 659 848 701 vider
866 660 950 715 jauz
978 659 1185 714 Cycladas,
1215 661 1300 702 hinc
1325 661 1654 719 Strophadasque.

297 766 408 809 Nam
428 764 686 820 Strophadas,
718 765 760 804 in
777 764 896 817 Jonio
920 765 1016 804 mari
1042 765 1152 811 sitas,
1183 774 1234 803 ne
1258 763 1451 815 Lynceus
1475 764 1660 814 quidem,
1679 763 1823 819 Megass

291 827 345 868 ris
383 823 542 864 Cretam
574 824 785 875 navigans,
817 821 956 861 videre
987 821 1121 872 posfit.
1184 820 1331 874 Quid?
1361 819 1471 871 quod
1495 820 1629 872 Scylla
1651 821 1732 860 dici
1753 833 1826 861 ne-

293 883 380 934 quit
400 879 607 934 Cycladas,
640 879 677 919 &
694 876 955 930 Strophadas,
987 890 1009 916 a
1024 877 1062 917 se
1087 878 1313 931 longisfime
1336 887 1532 925 remotas,
1563 877 1708 918 eodem
1723 887 1825 918 tem-

291 951 391 993 pore
422 936 625 990 specfftasse.
676 936 773 983 ,Aut
800 935 902 974 nihil
931 935 973 976 in
1001 944 1084 976 arte
1116 934 1266 976 Critica
1294 944 1450 977 certum
1480 935 1537 977 est
1555 963 1568 985 ,
1607 944 1676 976 aut
1703 936 1827 990 po'e'ta

294 996 474 1049 scripsit:

464 1086 724 1140 Florentisque
747 1083 855 1126 videt
873 1085 958 1140 jam
982 1081 1176 1136 Cycladas
1201 1083 1308 1132 hinc,
1340 1084 1620 1138 Sporadasque.

295 1185 382 1229 Has
408 1185 514 1224 enim
541 1183 752 1234 scriptores
778 1180 1022 1234 conjungere
1047 1179 1176 1220 solent
1193 1208 1205 1228 ,
1243 1189 1289 1220 ut
1318 1178 1524 1234 Dionysius
1547 1179 1700 1232 Perieg.
1731 1185 1833 1230 525⁰,

301 1255 395 1295 530.
450 1240 589 1280 Strabo
616 1252 659 1278 11.
684 1252 724 1289 p.
758 1239 846 1278 186.
877 1250 914 1276 x.
947 1250 986 1288 p.
1015 1248 1110 1287 727.
1148 1250 1187 1289 p.
1216 1248 1310 1287 742.
1341 1250 1381 1290 p.
1415 1238 1510 1288 748.
1563 1236 1768 1288 Agathem.
1796 1249 1831 1283 1,

300 1311 337 1351 5.
384 1296 645 1338 Dicaearchus
667 1308 706 1347 p.
736 1296 801 1333 26.
829 1292 890 1332 ed.
916 1291 1044 1344 Huds.
1071 1292 1268 1345 Ampelius
1291 1306 1325 1332 c.
1354 1296 1391 1333 6.
1431 1292 1580 1332 Solinus
1596 1305 1631 1333 c.
1648 1305 1704 1333 ΧΓ.
1742 1289 1831 1332 Pli-

298 1358 383 1398 m'us
408 1368 466 1402 ιν,
494 1366 558 1393 22.
590 1367 629 1406 p.
665 1362 758 1401 214.
799 1349 941 1401 &ipse
972 1347 1161 1400 Virgilius
1185 1350 1289 1391 Aen.
1316 1362 1384 1399 111,
1422 1361 1515 1402 123.
1545 1348 1725 1392 referens
1754 1349 1833 1393 iter

301 1414 467 1456 Aeneae
490 1409 627 1452 relieta
650 1409 761 1449 Delo
789 1406 950 1447 Cretam
973 1406 1168 1458 petentis:

468 1508 700 1561 Linquimus
725 1504 917 1557 Ortygiae
938 1511 1093 1556 portus,
1120 1503 1323 1557 pelagoque
1347 1503 1538 1552 volamus,

469 1564 773 1615 Baccharumque
792 1561 898 1616 jugis
924 1558 1091 1608 Naxon,
1122 1559 1357 1613 viridemque
1380 1559 1599 1614 Donusam,

476 1621 665 1666 Olearou,
696 1620 916 1671 «niveamque
941 1615 1096 1665 Parou,
1128 1617 1342 1670 sparsasque
1362 1626 1433 1670 per
1457 1629 1594 1670 aequor

473 1676 690 1729 Cycladas,
722 1673 771 1721 ἐξ)
796 1675 945 1715 crebris
969 1674 1123 1726 legimus
1146 1674 1250 1715 freta
1274 1674 1426 1715 consita
1450 1675 1586 1715 terris:

303 1780 374 1821 ubi
398 1776 562 1819 viridem
587 1774 804 1830 Donusam,
837 1773 992 1823 Paroa,
1035 1771 1242 1828 Cycladas,
1281 1774 1319 1814 δε
1343 1772 1538 1826 Sporadas
1561 1773 1707 1825 pariter
1736 1775 1834 1812 cond

302 1835 456 1890 junc‘tas
481 1834 678 1874 videmus.
741 1832 881 1885 Quid?
908 1831 1017 1882 quod
1041 1831 1090 1870 de
1114 1831 1319 1870 nonnullis
1344 1830 1478 1869 insulis
1503 1831 1607 1869 inter
1623 1829 1725 1881 ipsos
1743 1829 1834 1869 scri-

305 1904 442 1948 ptores
468 1890 654 1930 dissenfio
681 1888 758 1935 est,
784 1898 917 1928 utrum
943 1889 1046 1926 inter
1072 1886 1289 1938 Sporadas,
1321 1898 1371 1925 an
1390 1886 1583 1937 Cycladas
1608 1885 1749 1926 referri
1766 1884 1835 1924 de-

308 1952 442 1990 beant.
468 1960 508 1987 v.
540 1944 766 2000 Eustathius
789 1944 837 1984 ad
860 1943 1031 1995 Dionys.
1057 1955 1096 1983 v.
1126 1954 1222 1994 525,
1250 1955 1343 1994 530.
1375 1944 1413 1982 ἃ
1448 1943 1584 1983 Cellar.
1613 1943 1663 1982 G.
1699 1943 1748 1982 Λ.
1781 1941 1836 1988 11,

308 2019 395 2052 xlv,
435 2014 522 2054 159.
601 2001 740 2056 Quid?
778 2001 887 2052 quod
912 1999 1135 2054 Pr1jl‘cianus
1158 2013 1196 2040 v.
1228 2013 1317 2051 130.
1367 1999 1552 2053 Cycladas
1576 2000 1722 2046 habet,
1767 1998 1839 2038 ubi

311 2062 517 2115 Dioujffsus
533 2074 571 2099 v.
599 2071 686 2110 132.
727 2057 931 2110 Sporadas.
995 2058 1134 2111 Quid?
1165 2057 1271 2108 quod
1288 2055 1481 2110 Donusam
1501 2055 1629 2102 Mela,
1663 2055 1835 2103 Plinius„

312 2125 351 2161 tt·
376 2118 599 2173 liulslulhius
633 2116 681 2156 ad
706 2114 866 2169 Dionys:
899 2128 938 2155 v.
969 2127 1062 2166 1530.
1103 2115 1206 2155 inter
1230 2114 1424 2167 Sporadas
1450 2123 1672 2154 numerant.
1741 2112 1838 2152 Ete-

312 2179 396 2218 nim
422 2190 516 2228 pro,
556 2176 694 2221 Novn‘x,
731 2171 878 2226 Vossius
901 2172 950 2212 ad
973 2171 1117 2212 illelom
1135 2200 1147 2220 ,
1187 2172 1224 2212 &
1247 2172 1271 2211 J
1278 2170 1465 2225 lolstcuius
1495 2172 1543 2211 ad
1575 2170 1702 2223 steph.
1735 2169 1838 2221 Byz-

313 2249 352 2288 Ρ.
387 2245 474 2273 102.
506 2241 730 2283 reponunt,
763 2232 918 2269 Awovrlx.
987 2229 1191 2270 Videntur
1215 2240 1345 2269 autem
1373 2230 1519 2269 librarii
1545 2225 1757 2280 Sporadas,
1796 2227 1838 2266 in

313 2288 574 2342 Strophadas,
601 2289 671 2327 fibi
702 2289 904 2335 notiores,
933 2287 1122 2334 mutasse,
1154 2296 1198 2326 ut
1223 2288 1261 2326 in
1295 2285 1422 2326 Mart.
1454 2286 1604 2337 Capella
1622 2286 1690 2324 lib.
1708 2297 1765 2323 vl.
1798 2295 1835 2334 p.

318 2361 412 2401 213.
431 2347 493 2389 ed.
516 2346 626 2388 Grot.
659 2345 706 2387 In
723 2342 881 2399 Myrtoo
899 2354 1021 2388 autem
1041 2345 1140 2387 mari
1159 2344 1352 2397 Cyclades
1532 2342 1628 2384 Item
1646 2339 1838 2437 Stropha-

1774 2408 1836 2445 OS,
