2070 2740
358 123 440 172 238
583 114 1683 162 EMENDATIONVM

363 244 527 284 eamque
544 233 596 274 sic
613 232 858 284 explicabat,
896 259 926 279 „
943 233 1115 273 conviva
1132 241 1263 275 tecum
1281 234 1498 282 recubans,
1530 242 1667 288 optet,
1695 243 1742 275 ut
1759 233 1873 277 Deus

364 292 405 330 vi
436 290 501 330 sua
526 300 563 329 te
586 289 706 329 faciat
728 289 921 340 Pelopem
950 290 1016 330 vel
1046 289 1160 340 Ityn,
1179 317 1209 337 „
1254 303 1305 330 ne
1329 291 1488 342 quidem
1512 292 1710 345 cogitabat
1727 318 1740 338 ‚
1779 292 1876 343 quid

362 347 562 388 scriberet.
621 346 780 396 Itaque,
809 345 944 397 spuriis
969 346 1144 398 rejectis,
1183 347 1235 388 sse
1260 349 1454 401 genuinos
1472 346 1604 389 versus
1625 348 1844 403 conjungo:

589 435 671 478 Nec
687 435 796 488 dapis
811 437 991 477 hunzanae
997 437 1159 491 subeant
1171 435 1363 493 fastidia‚·
1393 451 1535 493 quaque

646 491 768 532 Parte
783 500 906 544 potes,
941 490 1088 546 Tydeus
1104 496 1278 546 temporis
1293 496 1404 550 hujus
1422 508 1494 536 eas.

585 549 716 600 Atque
732 547 878 601 aliquid
883 546 1018 601 facias
1033 571 1121 578 --

591 603 648 644 Et
668 612 735 644 tua
742 603 796 657 fic
813 605 908 645 latos
913 603 1159 658 spargantur
1174 606 1339 648 membra
1350 613 1422 659 per
1439 617 1562 658 agros.

369 706 491 760 Quod
510 708 537 748 s1
554 707 780 760 displiceat,
810 719 890 754 eas,
916 705 1047 761 Atque
1062 721 1097 748 a.
1109 706 1262 761 facias,
1288 708 1345 750 Et
1353 706 1616 763 spargantur,
1643 719 1694 750 ex
1707 720 1790 750 uno
1808 692 1876 750 co-

366 763 475 811 dice,
509 764 547 804 &
564 776 640 804 una
659 763 835 803 editione
858 765 981 817 recipi
1003 765 1137 818 poffit,

592 861 677 900 Aut
692 859 840 923 aliqriid
851 858 995 913 facias.

423 953 477 993 ib.
496 955 592 1002 469.

591 1044 678 1085 Aut
698 1042 816 1098 Jovis
833 1040 962 1097 infesti
978 1041 1047 1082 telo
1056 1039 1213 1093 feriare
1228 1041 1402 1095 trifidco:

658 1098 831 1152 Utsatus
848 1099 1041 1150 Hipponb‘o
1052 1125 1064 1143 ,
1106 1096 1362 1151 Dositho'e‘sque
1375 1105 1498 1151 pater.

601 1154 657 1194 Ut
666 1153 779 1206 soror
794 1155 1004 1199 Autonoes,
1034 1160 1077 1192 ut
1093 1155 1150 1192 cui
1167 1161 1371 1192 matertera
1390 1152 1505 1206 Maja
1524 1150 1597 1201 est:

662 1209 717 1249 Ut
734 1217 868 1249 temere
883 1215 1026 1260 optatos
1041 1208 1105 1261 qui
1120 1209 1213 1248 male
1227 1209 1329 1248 rexit
1347 1220 1464 1261 equos.

598 1263 653 1305 Ut
661 1263 776 1318 ferus
792 1263 983 1312 Aeolides,
1014 1262 1246 1317 utsatzgui-ne
1269 1272 1390 1304 cretus
1405 1263 1544 1313 eodem,

647 1321 732 1378 ,Quo
748 1323 874 1374 genita
891 1319 962 1375 est,
992 1320 1141 1373 liquidis
1158 1333 1251 1374 quae
1267 1329 1370 1360 caret
1387 1321 1528 1362 Arc-‘tos
1543 1323 1662 1375 aquis.

595 1377 677 1431 [Ut
698 1378 869 1418 Macedo
886 1378 1025 1430 rapidis
1045 1376 1120 1416 icta
1137 1378 1191 1417 est
1209 1390 1297 1417 cum
1316 1378 1484 1431 conjuge
1499 1377 1687 1429 flammis;

649 1435 735 1481 Sic,
767 1446 928 1487 precor,
958 1435 1129 1474 aetherei
1147 1433 1310 1474 vindicis
1328 1435 1416 1488 igne
1434 1433 1584 1489 cadas.]

371 1538 426 1580 Et
455 1539 569 1591 hujus
596 1539 751 1580 distichi
777 1539 1017 1580 constructio
1042 1540 1304 1591 suspicionem
1329 1537 1477 1581 fraudis
1503 1542 1641 1593 injicit.
1716 1542 1877 1587 Etenim

369 1598 568 1649 praeclare
595 1597 826 1636 cohaerent:
857 1595 1025 1635 Fulmine
1033 1594 1200 1647 feriaris
1209 1609 1224 1646 3
1248 1602 1312 1643 ut,
1331 1619 1365 1628 --
1384 1604 1448 1644 ut,
1464 1621 1499 1630 -·
1517 1605 1559 1638 ut
1574 1596 1744 1642 Macedo.
1778 1602 1878 1644 Non

372 1653 502 1703 itaque
521 1662 624 1700 erat,
658 1665 726 1692 cur
747 1651 794 1690 ad
820 1652 898 1691 hoc
918 1660 1179 1699 attexeretur‚

882 1744 1025 1799 rapidis
1044 1746 1119 1785 ι’ἑῗα
1135 1743 1184 1800 est
1200 1758 1277 1786 cum
1293 1744 1440 1800 conjuge
1447 1744 1612 1798 flammis
1619 1760 1634 1797 ‚·

376 1842 413 1881 &
430 1841 587 1893 insuper
599 1868 611 1888 ,
642 1850 826 1892 tanquam
843 1852 924 1880 non
941 1840 1153 1886 sufficeret,

659 1932 741 1980 Sic,
769 1942 921 1986 precor,
955 1932 1117 1972 aetherei
1132 1931 1294 1972 vindicis
1310 1934 1391 1986 igne
1408 1932 1529 1974 cadas.

378 2026 574 2078 Equidem
595 2039 674 2066 non
695 2025 845 2066 inficior
865 2025 1131 2066 additamento
1158 2025 1279 2077 priori
1299 2027 1515 2067 convenire
1533 2027 1656 2068 videri
1672 2040 1711 2070 v.
1729 2039 1825 2079 493.

613 2104 681 2145 Vel
698 2101 740 2141 de
754 2105 955 2154 praecipiti
973 2103 1102 2145 venias
1120 2104 1157 2143 m
1182 2103 1351 2144 Tartara
1358 2105 1473 2158 saxo,

667 2158 720 2197 Ut
739 2161 801 2209 qni
819 2160 1046 2200 Socraticam
1064 2158 1107 2199 cle
1121 2172 1202 2199 nece
1224 2161 1313 2212 legit
1328 2170 1425 2213 opus.

614 2215 668 2256 Ut
687 2217 749 2266 qai
772 2215 924 2268 Theseae
950 2215 1106 2262 fallacia
1124 2217 1210 2256 vela
1226 2218 1375 2257 carinae

667 2271 800 2311 Vidit:
830 2281 869 2313 tlt
890 2273 1010 2313 Iliaca
1028 2270 1149 2326 miffirs
1164 2273 1210 2313 ab
1228 2286 1314 2313 arce
1325 2282 1433 2326 puer.

1834 2330 1889 2372 Ut
