2070 2740
244 239 298 265 20
411 216 1529 263 EM‘ENDATIONVM

242 357 271 377 ‚‚
303 326 376 366 test
400 337 483 366 rem
508 326 701 378 integram
723 326 886 365 minime
911 325 1004 365 esse.
1065 326 1228 368 Durum
1252 328 1380 373 enim,
1410 340 1461 367 ne
1486 327 1613 368 dicam
1631 327 1761 369 absur-

243 413 272 433 ,,
304 384 427 430 dum,
465 382 580 434 super
605 381 745 420 dumos
769 383 915 422 cubare
947 385 1129 435 capellas.
1293 383 1530 437 Legendum
1562 386 1760 431 arbitror;

244 469 274 490 „
305 436 645 491 Exceffiquefisper
662 436 784 484 dumi,
814 451 914 489 quos
932 439 1074 480 leniter
1091 440 1237 480 adflans
1256 440 1329 479 &o
1356 442 1460 481 circa
1477 442 1671 493 capellae,
1703 440 1764 481 su-

245 525 275 546 „
305 509 377 550 per
392 497 459 535 vel
476 495 608 547 supra,
640 493 796 534 Excelfi
813 495 935 535 dumi.
996 497 1114 537 Bardi
1133 497 1415 548 exscriptor-es,
1453 498 1520 547 qui
1538 498 1706 548 capellas
1724 497 1766 536 in

245 582 277 603 „
307 552 481 593 excelsos
512 561 638 601 usque
669 550 810 590 dumos
842 553 1030 593 cubatum
1055 553 1269 599 duxerint,
1316 553 1421 602 quasi
1446 554 1545 592 circa
1570 554 1647 592 tale
1670 551 1768 603 quid

247 638 278 659 ‚‚
307 607 522 661 significare
544 607 705 660 posset;
744 608 800 646 At
822 607 953 659 pastor
977 609 1057 661 ipse
1090 610 1130 649 in
1163 611 1299 649 lucum
1330 608 1481 649 tec⁰tum
1512 619 1602 649 ante
1627 607 1768 648 ductus

249 694 279 716 ‚‚
311 675 404 705 erat.
472 664 672 714 Equidem
708 664 778 702 vix
814 663 985 710 dubito,
1023 666 1120 715 quin
1159 664 1441 718 corrigendum
1476 666 1549 706 fit:
1594 662 1771 717 Excelsos

242 722 375 777 subter
399 719 523 759 dumos
538 747 550 766 ‚
588 729 633 758 ut
655 731 694 757 v.
727 727 815 765 109.
845 716 981 770 subter
998 732 1170 759 muscum.
1231 722 1425 773 Appofite
1449 721 1497 762 ad
1519 720 1771 775 probandum

250 779 443 820 Horatius
469 776 597 816 Carm.
624 775 699 821 ΙΙΙ,
723 787 833 820 xxix,
861 785 928 814 21.

499 843 600 900 Jam
628 842 761 895 pastor
789 844 947 884 umbras
978 855 1070 884 cum
1098 854 1215 897 grege
1245 844 1432 896 languido
1450 871 1463 891 ,

499 900 718 953 Rivumque
747 898 871 939 fessus
901 901 1083 950 quaerit,
1122 897 1171 945 &⁹
1201 898 1350 940 horridi

501 957 681 997 Dumcta
710 954 877 1007 Sylvaui
893 969 906 995 :
945 964 1118 1009 caretque

585 1011 691 1065 Ripa
720 1012 832 1063 vagis
860 1013 1055 1052 taciturna
1084 1014 1220 1053 ventis.

258 1087 385 1139 Saepe
417 1092 548 1124 autem
579 1081 759 1121 librarios
781 1078 917 1133 subter
941 1081 981 1119 in
996 1079 1115 1133 fitper
1139 1080 1307 1121 mutasse
1331 1080 1485 1122 constat
1510 1092 1559 1122 ex
1580 1081 1699 1122 variis
1723 1081 1780 1121 le-

258 1143 481 1187 udonibus,
512 1149 606 1189 quas
625 1137 787 1177 exhibet
802 1135 1097 1188 Hares-campus
1112 1136 1161 1176 ad
1177 1136 1337 1178 Lucret.
1355 1151 1397 1186 v,
1418 1150 1511 1189 537.
1538 1138 1576 1178 &
1597 1151 1658 1185 vl,
1684 1139 1779 1188 857.

259 1201 300 1240 &
319 1201 412 1247 614.
443 1196 512 1236 ubi
529 1207 631 1233 unus
654 1191 774 1245 Vosfii
791 1192 920 1233 codex
935 1193 1057 1232 offert
1064 1191 1204 1246 super,
1236 1196 1334 1234 alter
1351 1203 1483 1234 autem
1492 1193 1651 1248 suPter,·
1680 1202 1784 1244 quae

260 1255 453 1307 scriptura
475 1253 711 1304 plerumque
733 1250 823 1289 vitii
847 1249 959 1288 causa
981 1248 1073 1289 fuit.
1114 1249 1235 1290 Conf.
1261 1249 1400 1291 Lamb.
1426 1250 1532 1298 adv,
1550 1252 1645 1301 762.
1704 1248 1782 1289 Ea-

261 1311 355 1351 dem
383 1309 566 1353 macula,
609 1305 699 1358 post
727 1306 953 1356 amplissimi
983 1303 1181 1345 Bouhierii
1209 1320 1320 1348 curas
1337 1335 1350 1355 ,
1388 1306 1569 1347 inhaeret
1597 1306 1787 1347 omnibus

262 1368 372 1408 libris
402 1362 606 1415 Peivigilii
635 1361 808 1401 Veneris
838 1371 878 1400 v.
913 1361 978 1401 81.

510 1429 609 1471 Ecce
627 1429 711 1485 jam
733 1429 849 1481 super
872 1427 1050 1482 genestas
1075 1431 1263 1484 explicant
1286 1431 1395 1471 tauri
1415 1429 1547 1479 latus,-

266 1512 360 1544 cum
381 1497 516 1554 subter
544 1495 709 1553 genestas
739 1496 1034 1539 emendandum
1064 1499 1146 1540 esse
1173 1495 1237 1540 res
1269 1500 1350 1551 ipsa
1371 1498 1544 1544 doceat,
1580 1496 1619 1537 &
1640 1497 1794 1538 fimilli·

269 1571 357 1600 mus
386 1556 587 1609 Calpurnii
610 1557 722 1594 locus
746 1553 836 1593 Ecl.
869 1565 904 1600 1,
931 1563 969 1603 3.

521 1621 652 1662 Cernis
669 1628 732 1668 ut,
763 1633 859 1668 ecce,
888 1628 1022 1673 pater,
1052 1633 1146 1675 quas
1160 1620 1348 1669 tradidit,
1382 1619 1543 1669 Ornite,
1572 1631 1721 1661 vaccae

518 1676 637 1719 Molle
665 1677 735 1717 sub
765 1674 913 1730 hirsuta
942 1678 1043 1718 latus
1073 1680 1301 1730 explicuere
1329 1677 1500 1730 genesta.
1698 1716 1701 1720 ,

276 1750 354 1793 Sed
384 1747 499 1800 hujus
530 1743 811 1791 correctionis,
840 1753 933 1784 ante
960 1745 1154 1796 plurimos
1183 1757 1310 1785 annos
1336 1743 1515 1785 feliciter
1538 1755 1561 1784 a
1588 1744 1704 1784 nobis
1734 1743 1792 1784 in-

276 1817 442 1851 ventae,
473 1803 630 1843 laudem
655 1801 912 1841 libentissime
937 1800 1146 1842 tribuimus
1162 1800 1410 1853 Broekhufio‚
1438 1799 1668 1851 praestantis
1685 1801 1793 1852 inge-

277 1867 335 1906 nii
359 1865 470 1906 viro,
502 1861 569 1909 qui
594 1858 715 1897 firmis
739 1857 979 1909 argumentis
1004 1868 1090 1897 eam
1112 1858 1299 1908 probavit
1321 1856 1370 1896 ad
1390 1854 1577 1895 Tibullum
1595 1855 1647 1901 II,
1672 1867 1706 1901 1,
1727 1858 1792 1894 62.

280 1918 390 1962 Addi
420 1926 551 1956 tamen
579 1914 730 1958 velim,
775 1924 876 1962 quae
899 1924 1061 1964 magnus
1090 1912 1330 1953 Boerbavius
1357 1911 1666 1957 animadvertit,
1702 1912 1797 1952 ami-

284 1988 353 2017 cus
383 1981 514 2012 autem
544 1968 786 2009 Burmannus
813 1969 1028 2008 memoriae
1050 1968 1228 2020 prodidit
1251 1968 1300 2013 ad
1328 1968 1442 2008 Grat.
1472 1967 1622 2022 Cyneg.
1639 1979 1682 2013 v,
1705 1980 1795 2018 130.

288 2033 499 2071 Caeterum
523 2025 714 2076 Scaliger,
752 2024 861 2075 quod
878 2025 973 2064 mihi
990 2024 1076 2065 fere
1094 2025 1317 2073 exciderat,
1347 2025 1396 2066 ad
1412 2037 1450 2065 v.
1467 2033 1536 2075 97.
1553 2037 1592 2077 p.
1617 2036 1678 2074 13.
1709 2026 1799 2076 plu·

287 2089 407 2130 rimos
430 2082 562 2123 versus
588 2081 702 2132 hujus
726 2081 907 2120 carminis
932 2080 1074 2132 trajicit
1090 2109 1102 2127 ‚
1148 2081 1186 2121 δε
1209 2093 1300 2122 eum
1317 2109 1330 2129 ‚
1374 2092 1494 2131 quem
1524 2081 1766 2123 correximus
1783 2107 1799 2127 ‚

290 2144 337 2184 ad
361 2140 555 2196 pastorem
577 2137 702 2179 refert
717 2164 729 2184 ‚
766 2136 820 2179 fic
844 2138 978 2177 locum
1001 2137 1274 2179 constituens:
1635 2135 1644 2146 “’

539 2231 737 2285 (Ξοηιριιὲἶα
750 2229 912 2285 solidum
933 2230 1146 2272 modulatur
1169 2229 1353 2273 arundine
1378 2244 1547 2281 carmen,

541 2289 663 2345 Quem
687 2288 786 2328 circa
801 2286 930 2342 fessae
940 2304 942 2306 ·
946 2288 1083 2342 passim
1107 2288 1260 2329 cubuere
1284 2290 1455 2342 capellae.
1542 2289 1551 2312 ‘

1157 2358 1399 2373 y-—o———————-——-

542 2385 616 2429 Seu
637 2387 724 2429 libet
746 2385 799 2429 ad
810 2385 961 2441 fontem
982 2386 1096 2443 densa
1116 2389 1339 2443 requiescere
1359 2389 1549 2431 inumbra
1630 2441 1666 2488 E
1743 2442 1784 2487 Is
1807 2410 1816 2430 ε

1050 2471 1052 2473 -
1668 2454 1740 2487 xce
1773 2455 1807 2487 is
