2070 2740
663 240 699 282 C
809 243 849 282 A
959 241 991 282 P
1101 238 1144 280 V
1254 240 1291 281 T
1437 241 1492 283 ΙΙ.
1721 261 1770 300 ¹7

257 380 355 409 num
385 366 466 408 esse
496 365 678 413 censent,
709 367 777 416 qui
805 365 1014 417 po'e'tarum
1042 364 1213 403 maximo
1244 364 1451 405 tribuatur.
1511 366 1567 408 Et
1594 370 1660 409 ille
1685 373 1770 422 qui-

259 452 289 472 „
320 425 411 464 dem
440 425 487 463 ab
518 425 655 474 inepto
685 423 815 470 aliquo
845 420 1109 471 posteriorum
1137 429 1309 460 aetatum
1338 421 1528 473 scriptore
1552 423 1686 466 fictum
1711 441 1769 467 cs-

259 508 288 528 „
319 481 386 529 se;
424 481 488 519 hic
512 488 643 518 autem
666 489 687 515 a
708 476 944 516 sarcinator-e
970 476 1111 516 Gotho
1133 478 1202 516 vel
1224 476 1429 525 Vandalo,
1467 478 1574 519 forte
1604 481 1769 536 Thy-asts„

258 564 288 585 „
319 535 447 576 mundi
481 533 756 584 temporibus,
802 533 843 572 111
879 532 1018 572 Africa
1055 532 1286 574 confectum
1315 534 1396 573 esse
1424 539 1674 586 pronunciat.
1735 540 1772 580 E

258 593 458 633 contrario
489 588 576 644 J0J]
609 587 778 639 Scaliger
808 590 848 628 in
879 589 1105 629 Comment.
1136 602 1181 629 ac
1212 589 1394 642 Castigat.
1425 592 1468 631 in
1497 592 1624 634 Culic.
1654 608 1693 647 p.
1730 607 1770 644 4.

260 659 430 697 eumque
459 646 582 686 secuti
611 643 720 684 Frid.
751 642 938 684 Mor-ellus
965 644 1014 684 ad
1043 644 1145 685 Stat.
1177 645 1287 697 Sylv.
1319 647 1372 694 II,
1403 659 1480 695 vn,
1512 661 1577 703 73.
1608 651 1646 690 &
1661 649 1772 691 Frjd,

264 704 526 744 Taztbmaiiims
567 714 650 740 non
692 702 835 753 pueri,
887 701 926 740 &
963 702 1131 748 tironis,
1183 701 1250 744 sed
1293 701 1470 744 Maronis
1511 707 1641 757 delfi&
1675 710 1774 742 mels

257 773 358 812 opus
384 760 465 799 esse
483 757 675 810 judicant.
735 756 934 807 Equidem
958 757 1219 798 vehementer
1242 759 1363 799 miror
1379 760 1419 799 id
1436 772 1484 800 ex
1500 773 1570 802 ore
1586 761 1772 815 Scaligeri

259 816 460 856 excidisse.
522 813 789 866 Redarguitur
813 814 919 852 enim
937 814 1299 854 Grammaticorum
1315 816 1571 864 testimoniis,
1602 832 1773 868 quorum

259 872 469 913 consensus
494 871 664 910 multum
687 870 816 915 valet,
847 878 965 920 atque
989 868 1089 909 adeo
1113 868 1319 912 Martialis
1340 871 1459 920 VlIl,
1475 880 1572 922 LVI,
1597 886 1656 923 19.

482 960 666 1001 Protinus
681 958 837 999 Italiam
854 961 1035 1012 concepit,
1067 958 1116 1006 &⁹
1133 963 1276 1009 Arma,
1307 965 1540 1017 virumque,

528 1015 612 1072 ¹Qui
634 1014 735 1056 modo
759 1016 830 1056 vix
856 1015 1014 1056 Culicem
1030 1015 1202 1070 fleverat
1225 1030 1286 1059 ore
1310 1019 1410 1060 rudi.

257 1101 380 1145 Conf.
404 1101 546 1144 Barth.
572 1101 620 1142 ad
643 1095 800 1143 Statsl.
827 1117 860 1144 c.
902 1102 1012 1157 Quid
1029 1103 1049 1143 ἱ)
1086 1101 1195 1154 quod
1212 1130 1224 1150 ,
1264 1102 1566 1145 auctoritatibus
1591 1108 1739 1149 omissis
1757 1134 1771 1155 ‚

257 1161 384 1213 ipsum
409 1172 566 1200 carmen
583 1188 595 1208 ,
634 1159 743 1210 quod
765 1160 986 1201 doctrinam
1009 1159 1186 1207 redolet,
1218 1162 1625 1213 exercitationemque
1641 1166 1774 1216 pueri-

258 1219 360 1265 lem,
390 1216 508 1257 facile
539 1215 771 1268 Scaligerum
799 1217 961 1257 refellit.
1020 1216 1114 1256 Nec
1144 1225 1276 1256 tamen
1291 1216 1441 1266 Ruaei,
1473 1218 1511 1258 &
1529 1218 1775 1261 Oudz'nisen-

257 1275 424 1314 tentiam
446 1274 615 1326 probare
638 1274 809 1325 possum.
871 1273 1042 1313 Codices
1060 1274 1167 1313 enim
1183 1285 1266 1312 non
1282 1274 1403 1314 modo
1422 1275 1624 1323 Culicem,
1655 1288 1775 1328 quem

256 1343 366 1371 nunc
395 1331 436 1369 in
465 1331 645 1370 manibus
674 1330 864 1369 habemus
881 1357 894 1376 ,
934 1328 1096 1369 Maroni
1125 1330 1334 1377 tribuunt;
1378 1330 1446 1370 sed
1474 1333 1591 1371 etiam
1609 1360 1621 1380 ,
1666 1332 1777 1384 quod

255 1387 382 1437 majus
407 1386 484 1433 est,
523 1386 561 1425 &
584 1395 856 1426 commentum
878 1384 1006 1426 Riiaei
1029 1385 1257 1432 convincit,
1289 1383 1460 1434 Nonius,
1491 1399 1540 1429 ex
1555 1400 1603 1429 eo
1619 1402 1658 1443 p.
1679 1401 1725 1429 21
1740 1401 1773 1429 1.

255 1441 467 1495 proferens
491 1454 530 1482 v.
559 1453 624 1492 52.

481 1509 683 1563 Deiisczque
705 1512 889 1564 virgultis
911 1512 1026 1554 avide
1048 1513 1222 1555 labrusca
1240 1521 1436 1568 petuntur.

257 1587 305 1619 ut
333 1578 515 1618 omittam
543 1591 651 1619 nunc
680 1578 883 1622 auctorem
911 1583 1040 1630 vitae,
1079 1582 1117 1622 &
1146 1581 1310 1624 Phocain
1339 1584 1676 1629 Grammaticum,
1707 1584 1777 1633 qui

256 1635 359 1676 duos
382 1636 543 1674 ultimos
568 1646 802 1677 memorant.
861 1638 1025 1680 Deinde
1049 1640 1173 1679 multa
1194 1640 1447 1692 reperiuntur
1470 1641 1513 1680 in
1535 1640 1614 1680 hoc
1637 1641 1776 1679 carmi-

257 1703 341 1738 ne,
386 1703 487 1740 quae
528 1690 718 1742 Virgilius
747 1694 789 1732 in
819 1695 902 1733 aliis
936 1697 1136 1736 ornatiora
1170 1696 1359 1748 reposuit.
1445 1696 1637 1747 Denique
1674 1696 1778 1736 nihil

259 1745 415 1793 ostendi
437 1747 590 1799 potest,
628 1748 737 1799 quod
760 1750 797 1788 ei
821 1751 943 1790 tribui
959 1760 1153 1801 nequeat,
1183 1764 1234 1791 ne
1250 1752 1412 1802 quidem
1429 1754 1541 1793 locus
1557 1754 1605 1792 ab
1627 1751 1777 1793 Oudiiw

256 1816 298 1858 p.
324 1815 418 1854 312.
456 1804 510 1844 sic
532 1805 812 1857 reprehensus:
870 1833 900 1853 „
932 1806 1014 1847 Hic
1029 1807 1160 1859 pastor
1176 1807 1341 1848 domum
1355 1808 1581 1856 reducitur,
1611 1807 1776 1848 1111οἑὶο

258 1886 290 1908 „
320 1860 562 1911 compofitus
591 1860 727 1900 videat
754 1862 796 1900 in
823 1862 968 1902 somnis
999 1864 1165 1917 effigiem
1194 1865 1333 1904 obtriti
1371 1864 1520 1905 Culicis
1537 1893 1550 1913 ,
1594 1865 1780 1906 &audiat

258 1943 289 1965 ‚,
320 1915 371 1956 de
396 1915 621 1965 Charonte,
658 1917 709 1957 de
731 1917 883 1965 Furiis,
921 1931 966 1958 ac
992 1919 1192 1967 Cerbero,
1230 1920 1280 1960 de
1298 1920 1465 1972 Orpheo
1482 1921 1520 1961 &
1542 1921 1746 1972 Eurydice
1762 1948 1777 1968 ,

259 2000 290 2021 „
320 1972 370 2013 de
398 1973 641 2026 Argonautis
658 2001 671 2021 ,
709 1973 886 2026 Trojano
916 1976 1024 2015 bello
1041 2003 1054 2023 ,
1092 1976 1244 2028 Ulyssis
1274 1976 1435 2024 reditu,
1482 1977 1637 2018 Graeca
1666 1979 1776 2017 0111111

259 2055 289 2077 „
320 2029 581 2081 Romanaque
611 2030 790 2071 Historia
807 2058 819 2077 ,
857 2044 941 2071 non
968 2033 1193 2084 puerilem,
1230 2032 1297 2076 sed
1325 2034 1551 2085 pecuariam
1579 2033 1774 2074 declama-

259 2086 424 2126 tionem.
455 2085 478 2100 ’'
540 2088 640 2127 Satis
671 2088 779 2127 enim
808 2087 961 2127 constat
984 2089 1112 2129 bonos
1135 2090 1274 2142 poetas
1299 2089 1499 2129 interdum
1515 2091 1670 2143 longius
1688 2103 1778 2131 eva-

259 2143 353 2195 gari.
415 2142 525 2195 Quid
541 2144 562 2185 ‘2
598 2143 707 2195 quod
724 2171 737 2191 ,
774 2142 927 2197 Heynio
947 2145 1080 2196 judice
1097 2173 1110 2192 ,
1148 2144 1285 2185 aanor
1307 2145 1542 2199 Panegyrici
1566 2147 1607 2185 in
1630 2145 1778 2200 Messa-

260 2199 335 2240 lam
366 2198 535 2250 juvenili
572 2212 683 2241 more
720 2200 1001 2254 digressionem
1037 2201 1157 2242 taedii
1193 2202 1381 2254 plenam,
1425 2202 1464 2241 &
1499 2214 1521 2241 a
1549 2215 1591 2242 re
1619 2205 1779 2255 penitus

260 2256 450 2302 alienam,
481 2255 531 2295 de
554 2254 697 2309 Ulyssts
712 2258 910 2297 erroribus
928 2258 1108 2298 instituit.
1170 2258 1309 2312 Quid?
1339 2257 1448 2309 quod
1463 2258 1529 2298 hic
1545 2260 1626 2311 ipse
1641 2262 1777 2308 locus,

259 2323 379 2362 quem
408 2312 511 2351 vitio
543 2324 675 2352 carere
705 2325 824 2353 nemo
855 2313 974 2354 facile
1004 2314 1177 2362 dixerit,
1214 2315 1543 2366 reprehensorem
1565 2316 1777 2370 redarguit.

258 2367 422 2408 Etenim
440 2395 453 2414 ,
489 2369 518 2409 fi
547 2368 712 2420 Virgilio
736 2370 856 2409 tribui
880 2373 1020 2422 nequit
1035 2400 1048 2419 ,
1085 2370 1289 2413 Vandalus
1308 2399 1320 2419 ,
1366 2380 1434 2411 aut
1457 2372 1617 2414 Gothus
1642 2372 1779 2413 auctor

258 2424 461 2479 putandus
478 2424 546 2467 est.
606 2427 664 2468 At
678 2436 866 2482 negamus
881 2428 924 2469 in
939 2427 1112 2526 Africa&
1125 2437 1316 2483 regnante
1333 2428 1633 2472 Thrasamundo
1644 2456 1656 2478 ,
1681 2428 1779 2527 111113-

1728 2497 1748 2526 e
1764 2513 1779 2535 9
