2070 2740
290 186 368 228 134
492 155 1612 211 EMENDATIONVM

510 286 771 342 Spargereque
787 284 940 324 alterna
956 291 1156 322 communes
1169 275 1278 319 caede
1291 284 1464 331 penates,

567 343 626 386 Ec
635 343 750 398 serre
766 340 818 382 ad
827 340 976 395 patrios
987 338 1159 392 praemia
1177 338 1265 377 dira
1280 335 1410 376 lares?

290 447 559 503 Broekhufius:
603 473 632 494 ‚‚
651 442 785 497 spiffae
816 443 914 484 mihi
944 442 1134 482 tenebrae
1166 440 1232 480 hic
1255 438 1345 479 sunt
1368 438 1443 479 iter
1466 434 1566 477 illud
1587 447 1660 490 per
1683 436 1810 490 Phry-

289 512 399 566 gium
430 507 468 547 δε
492 506 727 556 Hyrcanum
751 512 879 548 mare3
910 498 1049 539 caedes
1073 498 1139 537 illa
1161 499 1311 536 alterna
1328 523 1340 543 ,
1379 496 1417 535 δε
1439 494 1524 535 dira
1546 494 1676 534 caedis
1699 506 1811 547 prae-

293 569 383 609 mia.
410 585 500 593 ——-
525 561 698 612 Cynthia
721 556 933 609 aliquando
958 555 1089 596 secuta
1107 553 1162 594 est
1178 563 1404 607 praetorem
1421 551 1553 592 nescio
1572 563 1713 602 quem,
1743 552 1812 603 qui

295 624 471 675 Illyriam
497 626 663 660 teneret.
726 615 830 654 Cum
854 625 903 653 eo
933 622 1117 665 praetore
1141 611 1183 650 in
1208 609 1383 649 Pontum
1407 621 1567 660 quoque
1591 606 1814 661 perveniffe

295 680 469 721 videtur.
496 685 614 726 atque
631 675 686 714 ibi
703 672 798 713 duas
817 682 912 711 tunc
930 669 1069 710 caedes
1088 667 1208 708 factas
1226 664 1340 707 fuiffe
1357 667 1424 707 vel
1439 666 1638 712 constitit,
1668 667 1735 705 vel
1750 677 1816 710 ru,-

296 750 384 778 mor
400 735 589 784 frequens
608 731 779 771 distulit„
834 728 953 769 Certe
971 725 1164 767 reversam
1184 723 1400 775 Cynthiam
1417 722 1544 763 statim
1561 719 1677 763 fuisse
1694 726 1816 762 vene-

296 793 377 834 ficii
406 787 671 844 postulatalm‘
702 799 780 826 nec
801 787 919 839 plene
943 780 1171 824 convidtam
1187 808 1200 828 ,
1237 789 1356 831 atque
1379 780 1480 820 adeo
1502 778 1744 826 absolutam,
1774 779 1813 818 hi

296 849 481 892 versiculi
498 845 733 888 ostendunt:

523 948 617 990 Non
633 956 702 988 tua
718 945 892 1000 deprensi>
910 945 1092 986 danmata
1109 942 1159 999 est
1167 942 1287 998 fama
1301 955 1452 984 veneno.

583 1003 622 1045 T
615 1003 700 1059 estis
715 1005 789 1044 eris
798 1012 941 1058 puras,
973 1001 1141 1050 Phoebe,
1158 999 1290 1041 videre
1306 1012 1448 1040 manus.
1467 1025 1497 1048 ,‚

299 1112 347 1154 In
367 1114 488 1160 haec,
518 1122 570 1153 ne
584 1108 681 1162 quid
697 1107 855 1163 gravius
874 1106 1025 1153 dicam,
1056 1105 1249 1147 convenit
1264 1103 1365 1144 illud
1379 1103 1545 1156 poetae:

522 1197 694 1251 Pergam
705 1181 914 1250 piffirum,
945 1193 1032 1232 veri
1047 1191 1163 1238 nihil,
1195 1189 1452 1245 omniafalsa.

302 1296 508 1339 Tenebras
541 1301 675 1333 autem
704 1291 793 1332 viro
816 1286 1154 1342 perspicacissimo
1178 1284 1447 1337 Scaligeranae
1475 1282 1727 1337 traJ'eftiones
1751 1287 1823 1327 ob-

297 1356 455 1409 jecere,
480 1364 574 1404 quas
599 1349 709 1401 sequi
731 1347 843 1389 solet.
913 1344 1026 1401 Quid
1047 1356 1147 1399 vero
1176 1342 1367 1397 Vulpius?
1397 1343 1466 1396 qui
1495 1370 1525 1391 υ
1540 1344 1668 1386 nollet
1683 1340 1826 1389 Broek·

302 1407 675 1465 hufiumlevisfimis
701 1402 965 1457 conjecturis,
997 1403 1119 1457 immo
1144 1400 1330 1449 somniis,
1364 1393 1824 1455 'largiterindu'lfifi'e2'5,

305 1465 493 1520 Sequitur
511 1465 640 1508 editos
658 1464 697 1504 &
712 1462 880 1514 scriptos
897 1460 1021 1503 libros
1033 1486 1045 1506 ‚
1064 1459 1132 1511 qui
1148 1458 1202 1500 fic
1219 1455 1468 1501 connectunt
1487 1456 1604 1511 sxxx,
1628 1454 1733 1510 16.]-.

579 1571 661 1612 Hic
677 1570 774 1610 locus
792 1566 863 1622 est,
894 1569 1040 1619 inquo,
1072 1564 1169 1604 tibia
1185 1563 1314 1612 Λοξία,
1336 1563 1472 1618 fimes,-

528 1627 642 1686 nge
657 1639 726 1667 non
738 1626 828 1681 jure
845 1622 944 1664 vado
965 1619 1177 1661 Maeandri
1187 1621 1296 1674 jam
1313 1620 1477 1675 nutasti,

590 1684 736 1737 Turpia
751 1695 861 1737 quum
870 1678 1026 1733 faceret
1037 1676 1214 1720 Palladis
1230 1691 1298 1719 ora
1313 1685 1450 1720 tumor.

534 1739 642 1782 Num
659 1739 766 1795 jam,
798 1739 917 1784 dura,
942 1744 1063 1789 paras
1080 1733 1279 1789 Phrygi&
1293 1748 1389 1778 nunc
1406 1735 1463 1777 ire
1473 1743 1546 1789 per
1561 1733 1710 1776 undas?
1725 1742 1793 1775 etc.

310 1841 592 1891 interpretatur
622 1843 774 1876 autem.
820 1859 850 1879 υ
867 1830 997 1884 pergit
1027 1829 1177 1880 alloqui
1198 1829 1361 1875 tibiam,
1398 1827 1447 1867 ad
1470 1840 1587 1878 quam
1610 1827 1832 1868 sermonem

310 1906 424 1937 antea
449 1900 714 1934 converterat.
739 1911 830 1918 ———
851 1888 1025 1926 Veteres
1048 1897 1169 1937 porro
1194 1886 1235 1924 in
1257 1885 1458 1924 conviviis
1482 1884 1519 1924 &
1543 1885 1582 1924 in
1600 1885 1764 1937 proeliis
1783 1885 1830 1924 ti—

313 1954 418 1993 biam
436 1950 697 1990 adhibebantt
736 1947 882 1985 iccirco
905 1944 957 1982 ait
974 1942 1228 1993 Propertius,
1254 1941 1336 1993 ejus
1353 1941 1465 1982 usum
1482 1943 1681 1994 potiorem
1697 1940 1774 1982 effe
1791 1942 1832 1982 in

315 2008 536 2052 conviviis³
568 2017 684 2055 quam
711 2005 749 2042 in
774 2001 948 2054 proeliis.
968 1998 1206 2052 -—-'Quod
1231 2007 1361 2038 autem
1390 1996 1585 2052 Phrygias
1608 1995 1728 2038 medas
1749 1995 1831 2038 me-

316 2075 464 2111 morat,
498 2063 806 2112 I⁷Icllespontum
829 2058 1002 2103 scilicet,
1024 2056 1172 2106 {alludit
1191 2055 1401 2108 manifesto
1419 2056 1465 2094 ad
1484 2055 1765 2096 Themistoclis
1783 2055 1832 2094 ti-

316 2124 442 2167 biam,
474 2133 550 2171 qua
574 2117 669 2172 ipsas
695 2116 874 2156 Athenas
900 2115 939 2153 in
964 2125 1083 2153 naves
1110 2112 1292 2153 deduxit:
1312 2134 1399 2142 *
1417 2123 1539 2152 nemo
1557 2112 1703 2160 nescit,
1733 2111 1832 2153 Xer-

316 2192 404 2220 xem
422 2200 511 2206 ——-
527 2177 641 2229 super
660 2173 967 2227 Hellespontum
986 2182 1150 2225 pontem
1171 2168 1344 2212 construi
1358 2168 1531 2221 jussisse,
1563 2178 1680 2220 quem
1697 2168 1833 2222 postea

317 2237 429 2276 venti
448 2235 643 2284 diruperc.
670 2233 847 2287 Phryges
863 2241 1088 2284 praeterea,
1121 2229 1303 2269 tibicines
1328 2236 1438 2267 erant
1463 2226 1725 2267 celeberrimi.
1743 2248 1834 2254 -—-

318 2293 456 2347 Quum
480 2290 518 2330 δε
543 2290 678 2330 Persae
703 2291 846 2341 igitur,
876 2288 916 2328 ἃ
936 2287 1085 2328 'Gracci
1112 2287 1246 2326 tibiam
1272 2284 1415 2324 ducem
1442 2284 1481 2324 in
1508 2283 1685 2324 exercitu
1712 2283 1834 2322 liabe-

314 2360 425 2398 rent‚
456 2348 603 2389 iccirco
628 2347 780 2388 Noster
805 2345 986 2398 Hyrcani
1011 2343 1393 2387 marismentionem
1409 2340 1531 2387 facit,
1562 2340 1599 2380 &
1619 2340 1701 2392 ejus
1720 2339 1836 2379 litora

1718 2405 1838 2437 vocat
