2070 2740
547 206 584 248 C
692 207 733 248 A
842 205 877 246 P
985 203 1027 246 V
1138 205 1176 247 T
1350 202 1440 248 VI.
1664 219 1738 251 121

499 322 699 364 Candidus
716 320 767 369 &⁴
777 321 910 376 pennis
925 318 1046 360 omina
1059 316 1188 370 firmet
1205 319 1346 360 Amor.

215 425 310 470 Nec
324 426 436 467 aliter
452 425 559 467 forte
576 428 617 466 in
633 425 825 475 antiquiS,
844 411 989 474 qu’ibus
1005 423 1214 470 utebatur,
1233 408 1547 474 exemplaribus,
1565 424 1734 466 invenit.

213 484 264 526 In
279 493 417 526 vetere
434 482 596 535 quidem
610 483 714 523 libro
725 508 738 529 ,
758 478 972 528 Candidus,
1003 480 1110 534 legi,
1141 479 1248 521 testis
1266 479 1322 521 est
1338 476 1588 536 Pafferatius.

273 602 333 639 ιν,
351 603 374 630 2
385 603 416 631 1.
434 632 439 637 ,

442 693 526 737 Nec
542 695 615 737 tibi
629 696 791 750 perjuro
799 692 973 751 scindam
988 692 1032 736 de
1049 704 1220 748 corpore
1235 691 1365 749 vestes.

213 811 315 842 unus
343 798 458 857 Voffli
473 801 596 848 liber,
618 800 777 869 qutore.
838 797 946 853 Nafh
964 799 1133 840 Metam.
1154 812 1202 846 11,
1222 809 1317 850 705.

402 947 405 950 ⁴
745 901 971 955 perjuraque
985 899 1150 954 pe&ora
1164 898 1287 940 vertit

438 959 488 1000 In
504 957 640 1019 durum
648 957 802 1012 filicem.

177 1046 180 1048 ¹
213 1061 325 1104 Idem
349 1061 466 1116 saepe
490 1063 611 1109 dixit,
642 1060 761 1115 vestes
782 1074 806 1101 a
826 1061 974 1115 ρεέῖονε
997 1059 1166 1114 deripere
1183 1087 1196 1107 ,
1235 1059 1405 1107 laniare,
1435 1037 1625 1111 'rumperess
1650 1057 1733 1099 vid.
1802 1094 1806 1098 .

211 1118 382 1159 Metam.
402 1132 457 1167 rx,
477 1121 526 1170 63
535 1130 571 1170 5.
602 1131 660 1166 xr,
680 1120 774 1160 681.
811 1120 908 1159 Art..
919 1120 970 1158 A.
992 1132 1059 1164 111,
1070 1130 1166 1170 707.
1238 1115 1383 1170 Corpus
1398 1124 1532 1157 autem
1548 1115 1663 1170 saepe
1678 1115 1736 1157 se-

211 1174 303 1218 dem
318 1177 508 1218 vocabuli
519 1176 649 1229 pestus
663 1176 901 1235 occupavit3
931 1184 977 1215 ut
1000 1173 1119 1227 Prop.
1137 1174 1194 1222 ΙΙ,
1210 1185 1315 1221 xx11,
1334 1185 1400 1224 37.

433 1276 619 1373 AdSsp1ch,
650 1284 693 1317 ut
710 1278 748 1318 in
765 1284 840 1318 toto
856 1274 980 1318 nullus
994 1275 1086 1318 mihi
1102 1287 1272 1329 corpore
1277 1274 1422 1330 surgat

514 1341 682 1387 pmtus:
1216 1340 1218 1343 ’

208 1436 302 1484 ubi,
327 1434 497 1489 pestore,
528 1434 741 1489 legendum
764 1435 922 1474 monuit
945 1430 1205 1474 Marklandus
1228 1431 1277 1473 a'd
1300 1429 1404 1474 Stat.
1431 1431 1542 1486 Sylv.
1567 1445 1608 1487 p.
1635 1442 1730 1485 299.
1812 1427 1818 1431 ”

209 1493 248 1541 ὃς
278 1502 370 1533 ante
401 1490 680 1533 Marklandum
709 1492 977 1531 verifimiliter
1007 1491 1084 1530 alii.
1151 1490 1199 1530 In
1222 1489 1365 1530 Latini
1388 1491 1552 1541 quidem
1573 1489 1731 1532 Latinii

207 1548 403 1592 Biblioth.
421 1548 471 1590 Τ.
489 1561 535 1589 11.
553 1561 593 1602 p.
613 1551 680 1589 61.
709 1547 891 1600 reperio:
925 1545 1108 1599 Corpore]
1121 1546 1280 1598 pestore.
1341 1547 1465 1587 Alias.

263 1664 306 1700 v,
326 1650 363 1703 ς’.

434 1754 541 1805 Nec,
571 1768 665 1811 quae
681 1755 828 1797 deletas
840 1756 967 1809 potuit
985 1763 1193 1809 componere
1209 1754 1395 1804 Thebas,

483 1812 643 1869 Phryne
658 1821 738 1854 tam
753 1813 881 1854 multis
888 1810 1007 1866 fafta
1023 1813 1134 1854 beata
1150 1814 1263 1853 viris.

205 1923 309 1965 Non
325 1928 479 1963 tantum
496 1896 723 1967 Ράίαῐίηας,
754 1918 821 1960 sed
837 1918 875 1959 &
890 1920 1071 1972 plerique
1087 1921 1200 1967 libri,
1232 1931 1333 1971 quos
1350 1918 1524 1960 vidimus
1535 1946 1548 1968 ,
1577 1896 1730 1961 habetis:

206 1979 357 2022 dotem.
420 1978 678 2032 Quapropter
694 1975 906 2027 aliquando
923 1976 1149 2030 suspicabar
1163 1976 1356 2030 scriptum
1370 1974 1507 2027 fuisse,

641 2080 822 2135 disjefims
835 2082 960 2136 potuit
976 2093 1208 2138 conponere
1224 2081 1399 2125 Thebas.

212 2187 402 2242 Vargilius
423 2187 529 2228 Aen.
544 2172 642 2235 vni,
661 2196 757 2236 290.

430 2279 487 2322 Ut
511 2281 601 2323 bello
617 2284 787 2336 egregias
802 2280 899 2323 idem
915 2280 1115 2336 disjecerit
1128 2284 1248 2326 urbes

430 2339 663 2395 Trojamque
679 2340 994 2395 Oechaliamque.

951 2430 996 2488 Q
1552 2420 1730 2482 ¹Ovidius
