2070 2740
231 258 282 287 10
394 229 1512 282 EMENDATIONVM

220 349 376 388 Verum
399 345 448 385 de
473 341 721 384 correffione
744 342 879 383 versus
902 344 1142 385 vexatitfimi
1168 340 1255 381 satis
1282 339 1481 393 superque
1497 339 1652 383 dietum
1666 339 1744 390 est;

222 406 271 446 de
303 403 466 443 caeteris
499 413 608 454 agam
639 412 756 451 quam
788 401 1017 442 brevissime
1047 410 1204 454 potero.

280 461 439 502 Eodem
462 458 637 500 carmine
660 469 699 498 v.
731 458 821 497 126.

717 547 800 590 Nec
825 547 889 589 din
913 555 1037 589 taceat
1057 555 1201 601 procax

716 605 944 647 Fescennina
975 605 1106 646 locutio
1122 618 1135 645 .·

722 661 810 703 Neu
832 673 940 700 nuces
956 663 1086 713 pueris
1109 668 1215 713 neget

718 715 921 770 Desertum
946 715 1083 756 domini
1105 715 1259 756 audiens

807 771 1036 814 Concubinus
1059 785 1229 812 amorem.

718 829 788 871 Da
810 842 917 870 mices
935 831 1064 882 pueris
1081 857 1092 876 ‚
1130 829 1230 868 iners

727 886 931 926 Concahine
948 914 960 933 ,
991 884 1093 940 satis
1108 884 1182 932 ,diu

723 941 870 997 Lufisti
893 943 1066 990 nucibus,
1097 943 1212 982 lubet

725 998 810 1052 Jam
835 999 982 1039 servire
1007 999 1224 1039 Thalassio.

810 1055 1036 1104 Concubine,
1066 1067 1174 1095 nuces
1193 1052 1253 1094 da.

235 1154 301 1196 Ad
317 1152 462 1197 verba,
494 1148 593 1188 lubet
604 1147 687 1202 jam
693 1144 850 1200 servire
872 1144 909 1185 T
905 1145 1083 1199 lmlasfio³
1115 1154 1228 1185 notat
1245 1141 1511 1197 Passeratius.-
1528 1142 1643 1182 lubet
1658 1140 1758 1182 hero

235 1239 264 1259 „
295 1219 366 1251 tuo
383 1207 539 1261 operari
557 1206 821 1256 Hymenaem
851 1215 936 1242 non
952 1203 1047 1250 tibi,
1078 1211 1123 1241 ut
1141 1201 1367 1255 Propertius
1383 1200 1447 1240 El.
1469 1201 1504 1240 6.
1523 1200 1592 1240 lib.
1611 1198 1642 1239 Ι.

494 1301 523 1321 ‚‚
556 1270 662 1313 Nam
687 1279 754 1311 tua
778 1284 847 1311 71011
873 1279 978 1310 aetas
1001 1281 1162 1324 unquam
1185 1270 1349 1311 servivit
1365 1270 1501 1308 amori.

239 1374 267 1396 ‚‚
299 1346 337 1385 &
350 1343 527 1398 servire,
566 1341 657 1390 quia
681 1339 754 1378 Dii
779 1339 887 1384 heri,
927 1339 1146 1378 &domini.
1213 1336 1446 1389 Thalasstus,
1477 1337 1515 1376 δε
1537 1334 1574 1375 T
1571 1333 1777 1389 haIasfiIS‚⁴

240 1432 269 1452 „
300 1403 338 1441 δε
360 1397 546 1449 Thczlasfio
565 1397 784 1436 dicebatur.
844 1393 1007 1434 Vellem
1023 1393 1229 1447 probasset
1244 1394 1285 1433 in
1301 1393 1373 1432 usu
1395 1391 1515 1432 fuisse
1537 1390 1574 1430 T
1571 1390 1778 1445 halasfius.·

241 1458 405 1501 Deinde
423 1485 436 1503 ,
474 1466 592 1506 quem
617 1465 701 1493 non
726 1450 906 1492 offendat
931 1451 980 1491 ad
1003 1451 1145 1492 herum
1168 1450 1310 1491 referri
1341 1449 1441 1489 lubet
1457 1477 1469 1496 ‚
1515 1461 1607 1489 curn
1637 1448 1764 1488 sermo

244 1523 502 1558 convertatur
555 1509 603 1550 ad
656 1509 929 1549 concubinum
948 1509 967 1547 ἓ)
1031 1507 1191 1560 Vulpius
1228 1507 1538 1557 interpretatur:
1597 1504 1766 1557 Nuptiis

248 1601 277 1621 „
307 1571 499 1612 videlicet
520 1567 668 1607 veteris
693 1565 845 1604 domini
862 1591 875 1610 ‚
913 1576 958 1603 ac
982 1562 1166 1603 dominae
1191 1572 1281 1602 tuae
1303 1562 1371 1601 vel
1400 1561 1628 1613 nuptiarum
1657 1559 1766 1600 Deo.

249 1628 329 1670 Sed
367 1639 446 1678 quo
487 1623 608 1664 modo
648 1622 774 1662 lubens
810 1621 959 1672 nuptiis
990 1619 1137 1660 servire
1168 1620 1247 1659 dici
1276 1617 1407 1671 potest
1438 1618 1687 1658 concubinus
1718 1617 1780 1657 ab.

249 1689 348 1726 hero
367 1712 379 1731 ‚
418 1683 481 1722 cui
506 1681 637 1720 fuerat
659 1680 702 1719 in
726 1677 877 1718 deliciis
895 1704 908 1724 ,
947 1676 1121 1717 desertus
1138 1703 1152 1723 ,
1188 1685 1307 1726 atque
1331 1673 1430 1714 adeo
1454 1674 1568 1714 brevi
1589 1672 1679 1726 post
1702 1672 1782 1712 mi·-

241 1742 308 1796 μ’
337 1749 502 1781 vocatus
521 1739 540 1777 ’.ἒ

727 1810 843 1854 Νιωιε
867 1820 970 1853 tuum
996 1812 1204 1853 cinerarius

733 1868 876 1910 Tondet
898 1881 945 1908 os.
978 1867 1088 1921 miser
1104 1896 1117 1916 ‚
1155 1867 1203 1908 ah
1225 1864 1337 1920 miser

732 1925 935 1966 Concubine
951 1953 964 1972 ‚
1001 1937 1109 1965 mtces
1132 1922 1194 1964 da.

258 2030 422 2084 Quanto
446 2023 592 2066 metius
617 2023 720 2075 legas
739 2048 752 2068 ,
1219 2073 1228 2081 ι

1213 2074 1329 2126 jubet

734 2143 833 2201 Jam
841 2142 997 2198 servire
1014 2142 1235 2184 Thalassio!

262 2245 442 2297 Nuptiae
465 2241 612 2281 veteris
635 2238 743 2285 heri,
782 2239 820 2279 δε
842 2238 960 2278 herae
983 2247 1114 2277 novae
1126 2235 1205 2288 jam
1223 2243 1284 2282 te,
1316 2233 1474 2274 delicias
1492 2241 1584 2272 ante
1600 2231 1750 2272 domini
1761 2259 1783 2279 ,Α

263 2303 408 2343 servire
435 2300 589 2351 jubent.
656 2295 774 2336 Nihil
804 2294 961 2336 facilius
992 2294 1065 2334 hac
1096 2292 1328 2333 mutatione.
1391 2290 1456 2330 Sic
1486 2289 1592 2342 apud
1614 2287 1778 2328 Livium

264 2360 320 2403 V,
345 2370 413 2404 xv,
439 2359 474 2398 8.
505 2366 601 2407 pr0,
626 2352 781 2407 jubere,
811 2353 913 2393 liber
928 2351 1049 2392 offert
1064 2349 1209 2391 lubere:
1247 2358 1386 2390 contra
1408 2348 1450 2388 in
1476 2345 1618 2387 Catulli
1643 2345 1774 2386 Carm.

266 2429 401 2462 xxvii,
431 2425 471 2463 4.
500 2423 604 2465 pro,

1715 2456 1778 2511 A?
