2070 2740
693 186 1777 246 CAPVT1.23

258 306 336 346 qua
357 292 438 335 vid.
464 290 690 334 Markland.
716 292 764 333 ad
788 290 890 333 Stat.
917 292 1026 344 Sylv.
1053 291 1127 338 ΙΙΙ,
1152 303 1219 338 111,
1246 294 1310 333 68.
1343 292 1381 333 &
1404 291 1539 334 Burm.
1566 294 1615 336 ad
1645 293 1772 338 Valer.

256 351 381 392 Flacc.
406 363 449 399 v,
475 362 572 402 274,
598 351 636 390 &
663 348 775 402 Virg.
801 351 904 390 Aen.
935 361 971 395 1,
999 358 1093 398 245.

311 421 351 449 v.
384 420 478 460 341.
511 407 560 448 de
592 407 778 454 GraeciS,
817 413 931 459 capta
960 404 1110 456 Troja,
1155 403 1321 445 domum
1350 405 1631 449 redeuntibus:

1166 474 1250 514 ibat
1278 474 1317 513 in
1347 473 1467 515 altam

468 532 542 571 Vis
572 532 708 583 Argoa
735 539 877 582 petens
906 530 1075 583 patriam
1103 529 1303 584 ditataque
1331 530 1481 584 praeda

466 587 588 628 Arcis
616 587 903 627 Erichthoniae.

254 686 282 707 „
313 655 531 698 Audiamus
557 656 622 695 hic
647 653 903 708 Scaligeram:
940 654 1075 697 Miror
1100 656 1179 696 hoc
1202 657 1412 698 hominu-m
1427 668 1574 710 genus,
1606 660 1673 709 qui
1690 670 1774 701 om.

252 743 281 762 „
311 716 376 754 nia
404 721 557 753 mutare
586 712 742 759 solent,
781 711 882 751 adeo
909 724 1053 752 coecos
1084 712 1234 761 fuisse,
1272 722 1318 753 ut
1348 714 1560 766 disspicere
1589 728 1672 756 non
1700 730 1774 769 po-

249 799 279 818 „
310 771 489 817 tuerint,
534 768 631 820 quid
667 769 819 809 interfit
855 770 958 809 inter
994 767 1141 815 Ἀργείου,
1174 770 1213 810 &
1240 768 1369 816 Ἀργεία.
1429 771 1539 811 Nam
1561 771 1698 823 Argoa
1723 775 1772 814 ab

249 846 278 875 ς,
309 826 421 879 Argo
450 827 562 866 navi:
593 824 692 864 illud
720 826 768 864 ab
799 826 974 878 Argivis.
1037 824 1173 878 Quare
1202 826 1418 879 legendum
1442 827 1563 875 esset,
1594 828 1770 880 Argiva.

245 910 278 931 „
309 883 389 924 Sed
419 892 576 923 veteres
602 881 799 922 editiones
824 881 1042 921 admonent
1065 882 1179 923 aliam
1202 881 1292 922 fore
1316 882 1553 932 lettionem,
1583 885 1613 926 fi
1637 897 1772 929 earum

246 964 277 988 „
309 949 497 993 corrupta
525 938 690 991 vestigia
717 938 937 987 sequamur.
999 938 1168 978 Habent
1192 940 1325 980 enim:

468 1006 539 1046 Vis
572 1013 740 1059 repetens
776 1003 888 1059 Argo
920 1007 1094 1060 patriam

241 1084 290 1118 ut
317 1076 452 1117 malim
480 1075 598 1116 sane:

463 1142 533 1184 Vis
568 1150 736 1197 repetens
764 1143 897 1197 Argos
920 1145 1094 1198 patrium

242 1240 273 1263 „
302 1212 401 1261 Vis,
433 1214 570 1265 copia,
600 1221 646 1252 ut
664 1212 780 1253 infra.
833 1211 872 1252 T
866 1213 1099 1254 aubmamzus
1115 1222 1247 1254 autem
1264 1223 1348 1254 non
1363 1213 1514 1267 spernit
1528 1213 1771 1267 leffionem,

242 1298 271 1318 „
308 1269 379 1309 Vis
400 1277 568 1322 repetens
590 1268 703 1321 Argo
722 1271 925 1323 patriam,
963 1271 992 1310 si
1015 1269 1127 1323 Argo
1150 1283 1223 1322 pro
1248 1271 1426 1320 qualibet
1450 1274 1649 1314 nobiliore
1673 1277 1767 1315 navi

240 1354 269 1375 „
300 1336 368 1367 aut
392 1328 511 1367 etiam
537 1326 677 1373 classe,
709 1327 850 1367 ufitata
871 1327 1002 1378 poetis
1019 1326 1165 1379 figura,
1195 1326 1381 1366 sumatur.
1443 1327 1627 1369 Nicolaus
1641 1330 1766 1371 Heia-

228 1383 309 1437 fias
330 1395 428 1423 vero
453 1390 663 1422 notaverat
688 1383 729 1421 in
753 1383 856 1422 libro
883 1381 1056 1432 quodam
1082 1381 1316 1434 legendum:
1359 1381 1438 1423 Vix
1455 1384 1567 1438 Argo
1583 1395 1763 1440 repetens.

236 1440 317 1482 Sed
340 1441 456 1480 unius
482 1441 619 1479 literae
644 1439 867 1478 mutatione
892 1437 997 1479 faeta
1023 1438 1302 1493 corrigendum
1325 1448 1454 1493 puto:

458 1506 528 1546 Vis
557 1509 690 1559 Argea
713 1514 844 1559 petens
867 1507 1053 1559 patriam.

232 1575 440 1629 quomodo
463 1576 590 1616 locuti
614 1575 705 1615 sunt
727 1572 944 1623 Horatius,
978 1574 1168 1624 Ovidius,
1198 1574 1425 1626 Martialis,
1465 1578 1503 1619 &
1530 1577 1761 1622 Guatherus.

231 1644 272 1674 v.
305 1631 362 1673 N.
394 1631 573 1685 Heiwfias
602 1631 652 1671 ad
683 1630 803 1672 Ovid.
836 1633 976 1672 Amor.
996 1633 1070 1680 III,
1089 1646 1149 1681 v1,
1167 1644 1236 1683 49.
1268 1636 1511 1685 qui&libro
1529 1636 1621 1685 suo,
1653 1638 1763 1689 quod

229 1701 360 1740 nuper
397 1700 445 1728 ex
481 1689 703 1729 amicissimi
732 1687 950 1728 Burmanni
978 1690 1102 1730 literis
1133 1691 1400 1733 intelleximus
1418 1720 1430 1740 ,
1481 1693 1760 1746 adscripserat:

232 1745 367 1798 Lege,
405 1743 476 1783 Vis
504 1744 663 1796 Argea,
693 1745 760 1785 vel
789 1743 964 1796 Argiva.
1026 1746 1259 1798 Saepissime
1287 1758 1422 1790 autem
1451 1751 1600 1791 librarii
1617 1751 1759 1793 confu-

231 1802 378 1843 derunt
400 1799 585 1853 Argeas,
622 1801 801 1853 Argozm,
839 1801 878 1841 &
900 1800 1082 1854 Argivus
1097 1816 1112 1852 ,·
1150 1812 1197 1844 ut
1219 1803 1362 1844 Manil.
1395 1819 1432 1853 1,
1459 1809 1553 1855 692.

566 1867 842 1919 Argivamque
865 1874 987 1906 ratem
1006 1876 1078 1921 per
1101 1866 1286 1923 aplustria
1300 1869 1461 1923 samma.

229 1943 322 1972 cum
344 1931 516 1972 scribere
542 1930 794 1978 debuissent,
825 1930 1011 1984 Argoam.
1073 1932 1168 1974 Nec
1193 1936 1306 1974 aliter
1330 1937 1504 1977 correxit
1521 1934 1571 1992 J.
1590 1935 1635 1977 F.
1658 1937 1757 1979 Gro-

229 1990 383 2035 novius,
413 1989 476 2028 vir
499 2000 662 2041 magnus
688 1989 729 2027 in
751 1989 912 2041 primis,
944 1989 1113 2032 Observ.
1141 1990 1195 2039 II,
1219 2004 1255 2033 x.
1273 2004 1312 2044 p.
1334 2001 1428 2041 290.
1460 1994 1590 2046 quod,
1621 2004 1666 2035 ut
1683 1997 1758 2036 alia

229 2057 313 2085 non
336 2057 462 2097 pauca
478 2073 491 2093 ,
529 2044 745 2100 Bentlejum
766 2045 883 2100 fugit.

285 2113 325 2142 v.
360 2114 404 2153 13
413 2113 450 2153 5.

444 2157 526 2198 Hic
554 2171 730 2213 magnam
759 2158 916 2213 Argoae
944 2161 1041 2203 navi
1070 2159 1176 2203 decus
1205 2160 1311 2203 edita
1333 2163 1449 2216 pinus

449 2212 637 2258 Proceras
665 2217 816 2260 decorat
835 2217 986 2272 sylvas.

228 2288 431 2345 Scriptum
458 2289 648 2333 videtur:

443 2362 643 2419 Magnum
670 2364 828 2422 Argoae
855 2369 952 2412 navi
980 2368 1101 2412 decus
1131 2369 1263 2412 addita
1284 2370 1411 2425 pinus.

1570 2428 1751 2484 Corippas
