2070 2740
333 179 411 228 156
533 167 1643 215 EMENDATIONVM

327 299 386 345 ἃ,
417 298 602 338 omnibus
621 297 752 339 subito
777 305 928 337 terrore
945 295 1156 347 perculsis,
1189 295 1348 342 effecit,
1379 303 1424 335 ut
1439 295 1532 336 urbs
1550 295 1591 335 in
1606 293 1848 347 potestatem

327 355 430 396 Nini
447 364 613 407 repente
629 355 809 402 veniret3
840 354 905 393 hie
921 359 1052 392 autem
1064 379 1076 398 ,
1108 353 1291 405 viraginis
1309 351 1591 392 fortitudinem
1609 351 1846 398 demiratus,

328 424 414 452 eam
440 424 521 451 non
548 421 699 451 tantuin
725 410 850 463 dignis
876 409 989 448 donis
1013 410 1194 455 ornavit,
1232 408 1298 448 sed
1323 409 1359 448 &
1383 407 1534 454 forma,
1566 409 1781 448 simulacris
1805 419 1849 446 o-

330 470 488 509 mnibus
512 468 806 513 emendatiore,
837 474 997 517 captus,
1027 475 1194 505 uxorem
1212 464 1337 506 duxit.
1356 477 1394 504 v.
1417 463 1578 518 Ctesias,
1609 465 1690 505 five
1708 462 1852 504 Diodo-

329 538 396 565 rus
420 527 444 564 1.
471 526 495 564 l.
525 524 671 577 Cresima
695 532 827 563 autem
852 522 997 574 po'e'tae
1021 519 1248 570 sequuntur.
1277 523 1331 560 ita
1352 533 1451 563 vero
1468 520 1661 561 struetura
1676 520 1851 572 Babylo-

330 583 414 628 nis,
446 581 482 621 δε
507 581 748 634 expugnatio
773 578 1032 624 Badtrorum,
1062 589 1163 627 quae
1186 578 1402 619 mulierem·
1417 579 1584 620 maxime
1611 578 1849 624 nobilitant,

333 639 528 691 aptissime
541 639 777 692 junguntur.

388 753 445 788 Χῖ)
465 751 529 791 53·

558 844 598 887 T
593 845 724 886 orrida
735 846 964 901 sacrilegum
981 845 1169 902 testantur
1185 847 1316 887 limina
1334 844 1548 889 Brennum,

611 902 717 943 Dum
733 906 828 955 petit
845 904 978 952 intonsi
1004 905 1145 956 Pythia
1162 916 1280 958 regna
1297 903 1396 944 Dei:

557 957 621 999 At
639 973 737 1000 mons
754 961 944 1013 laurigero
962 959 1144 1015 concuffus
1159 961 1302 1000 vertice
1319 959 1426 1000 diras

615 1015 765 1056 Gallica
783 1016 1103 1070 Parsiafiffiarstt
1121 1018 1158 1057 iu
1177 1030 1243 1058 ora
1260 1018 1378 1057 nives.

340 1115 378 1158 T
375 1116 505 1158 orrida
523 1118 653 1158 limina
672 1118 915 1159 Burnmnm
940 1121 980 1158 in
1004 1119 1094 1171 Jov.
1120 1119 1232 1172 Fulg.
1251 1132 1290 1170 p.
1311 1130 1405 1168 342.
1437 1119 1740 1169 interpretatur,
1772 1128 1850 1156 am-

337 1174 448 1214 busta
470 1173 640 1215 fulmine
665 1175 856 1215 divinitus
882 1177 921 1214 in
941 1175 1079 1215 Gallos
1096 1172 1228 1214 miffo:
1258 1173 1348 1220 sed,
1377 1181 1422 1213 ut
1439 1175 1530 1214 alias
1546 1185 1654 1213 nunc
1671 1173 1852 1212 omittam

337 1232 529 1278 rationes,
569 1232 769 1283 oppositio
786 1240 1004 1284 repugnat:

561 1326 623 1375 At'
640 1347 738 1375 mons
754 1335 945 1387 laurigero
963 1333 1145 1390 concnffus
1161 1335 1303 1375 vertice
1321 1332 1427 1374 diras

619 1391 768 1432 Gallica
787 1390 1106 1446 Parnastjjoarsit
1122 1393 1160 1432 in
1177 1405 1244 1432 ora
1261 1391 1366 1431 nives
1374 1404 1390 1439 ,·

339 1496 458 1536 docet
482 1504 614 1535 autem
637 1495 761 1535 verba
778 1493 969 1547 capienda
987 1492 1062 1534 effe
1088 1494 1137 1534 de
1154 1495 1355 1533 liminibus
1380 1494 1494 1545 igne,
1532 1505 1649 1543 quem
1672 1492 1854 1533 Brennus

339 1552 548 1603 injecerat,
567 1551 766 1591 ambustis.
827 1552 1008 1590 Fuerunt
1025 1551 1153 1597 enim,
1179 1551 1247 1600 qui
1266 1550 1458 1602 templum
1476 1549 1676 1590 traderent
1693 1550 1738 1590 iis
1756 1558 1854 1589 tem—

338 1609 501 1660 poribus
519 1605 657 1648 arfiffe.
716 1605 900 1647 Lucanus
915 1619 957 1653 v,
984 1617 1072 1656 134.

563 1763 608 1804 A
624 1763 661 1817 s
829 1706 898 1760 seu
922 1705 1126 1747 barbarica
1144 1717 1222 1746 cum
1238 1703 1408 1759 lampade
1425 1703 1552 1758 Pytho

609 1778 630 1804 r
647 1771 690 1804 tt.

290 1896 295 1900 .
342 1879 382 1907 v.
402 1868 482 1908 illic
506 1866 677 1908 Oudend.
704 1867 742 1907 ὃς
770 1864 984 1921 ῙΓςθὲΙῐης.
1010 1867 1057 1906 ad
1075 1864 1229 1919 Sis-nfim.
1250 1866 1400 1906 Chron.
1421 1866 1467 1906 ad
1485 1868 1534 1906 A.
1555 1866 1616 1906 M.
1637 1870 1759 1918 3726.
1789 1868 1856 1910 sed

342 1925 441 1964 haec
459 1923 662 1964 haetenus.
689 1922 838 1975 Pythia
861 1923 997 1974 templa
1021 1921 1259 1976 Pastor-atius
1275 1924 1440 1974 exponit
1463 1923 1709 1976 ,‚Dclplios,
1727 1925 1857 1978 quibus

343 1980 443 2019 altus
460 1979 598 2032 Apollo
616 1977 812 2032 Praefidet
824 1991 837 2018 .·
960 1990 1099 2029 regna,
1123 1979 1192 2018 ubi
1210 1979 1296 2029 quis
1313 1979 1539 2020 dominatur
1555 1980 1592 2020 &
1607 1982 1813 2033 praefidet.
1826 2009 1855 2030 ‚‚

343 2035 437 2076 Nec
463 2035 629 2077 damno:
661 2037 714 2078 fic
740 2037 845 2076 enim
870 2036 1013 2087 po'e'tac
1030 2036 1270 2086 loquuntur,
1302 2036 1343 2075 in
1366 2037 1425 2076 his
1441 2035 1621 2077 Lucanus
1638 2051 1685 2085 11,
1703 2049 1798 2088 424.

843 2152 1033 2207 umbrosae
1049 2151 1162 2193 Liris
1172 2161 1244 2206 per
1259 2163 1378 2206 regna
1401 2151 1593 2193 Maricae.

348 2281 384 2309 v.
411 2266 581 2308 Oudend.
601 2269 647 2308 ad
667 2282 732 2317 111,
752 2271 816 2311 86.
877 2268 1054 2310 Martem
1072 2281 1233 2322 quoquc
1251 2270 1466 2323 teftzplorum
1484 2283 1604 2323 regem
1622 2268 1770 2312 Statius
1787 2284 1858 2311 vo-

350 2335 412 2365 cat
436 2325 565 2366 Theb.
592 2338 668 2372 vn,
696 2329 761 2376 64.
822 2325 1000 2379 Heinſsus
1030 2337 1161 2369 auten]
1184 2326 1342 2381 templa,
1380 2329 1444 2368 vel
1462 2356 1476 2376 ⁷
1521 2329 1650 2380 tigna,
1689 2329 1858 2384 corrige-

1774 2385 1858 2426 bat:
