2070 2740
304 183 382 221 144
505 147 1610 210 EMEND‘ATzoffNvM

300 280 370 318 ubi
386 288 468 317 non
484 275 706 328 acceperim
721 271 938 315 Burmanni
954 272 1244 326 conje&uram,

947 372 1072 425 quales
1088 374 1238 426 legeret
1255 370 1447 413 vindemia
1465 371 1588 414 colles:

306 466 453 504 etenim
480 475 648 514 quaero,
679 464 766 512 quis
783 461 948 506 dixerit,
980 461 1071 512 legit
1085 459 1276 501 vindemia
1294 461 1418 503 colles.-
1456 470 1494 501 at
1511 489 1522 508 ‚
1568 468 1711 512 tegeret
1732 463 1820 502 vin·

306 519 425 617 {semia
449 521 572 568 colles,
604 518 793 569 loquendi
816 529 939 572 genus
963 516 1019 557 est
1043 519 1200 572 elegans
1217 547 1230 567 ‚
1267 519 1307 558 &
1328 517 1548 573 Ausoniam
1574 520 1698 561 fimile
1721 519 1820 565 Mo,-

324 580 388 618 ell.
412 590 501 628 157.

531 664 755 705 Gauranum
764 662 818 717 fic
834 662 935 703 alma
947 663 1086 717 Jugum
1100 662 1303 704 vindemia
1319 663 1451 704 vestit.
1490 664 1495 671 “

308 756 348 796 Si
373 757 458 806 quis
482 756 577 802 erit,
609 756 676 806 qui
701 752 946 808 Propertium
971 753 1187 807 corrigenti
1210 765 1293 792 non
1317 751 1453 793 credat
1469 780 1482 800 ‚
1518 751 1627 794 forte
1656 751 1821 806 Virgilio

312 814 447 853 credet
466 813 614 866 Georg.
641 825 676 859 1,
697 823 762 862 54.

533 899 613 941 Hic
628 900 777 954 segetes
789 927 802 947 ‚
827 899 904 939 illic
920 900 1090 941 veniunt
1099 895 1256 951 feliczus
1270 908 1385 938 uvae.

311 992 435 1035 Hunc
451 990 612 1042 quidem
635 991 734 1031 locis
759 992 976 1031 innumeris
999 991 1197 1035 imitatur,
1234 988 1450 1040 versusque
1474 986 1660 1032 dimidios
1677 987 1726 1033 de
1742 1000 1826 1031 car·

310 1050 484 1090 minibus
497 1048 638 1095 sumit,
669 1055 715 1087 ut
730 1047 764 1095 1,
787 1060 801 1086 1
816 1060 850 1094 1,
874 1060 935 1086 10.

644 1139 701 1181 Ut
716 1142 879 1182 veniant
895 1138 1051 1181 hederae
1066 1140 1208 1192 sponte
1225 1139 1293 1180 sua
1307 1139 1435 1179 melius
1448 1166 1460 1185 ,

313 1236 362 1276 de
381 1235 528 1289 Georg.
554 1246 618 1280 11,
642 1244 703 1271 10.

535 1316 712 1370 Namque
728 1315 847 1364 aliae,
877 1314 991 1355 mallis
1006 1313 1188 1356 hominum
1206 1312 1438 1366 cogentibm,
1467 1310 1573 1368 ipsae-

535 1376 688 1428 Sponte
710 1373 776 1413 sua
791 1373 975 1413 veniunt.

308 1469 350 1510 δι
365 1470 440 1516 ΙΙΙ,
458 1480 528 1515 x1‚
546 1479 614 1517 41.

533 1558 672 1609 Dique
688 1557 883 1606 Deaeque
899 1566 1038 1596 omnes
1049 1582 1061 1602 ‚
1093 1555 1237 1605 quibus
1253 1551 1304 1609 est
1320 1555 1445 1595 tutela
1455 1562 1527 1607 per
1542 1566 1676 1607 agros,

308 1652 363 1692 de
381 1651 529 1704 Georg.
560 1661 596 1695 ι,
616 1659 679 1686 22.

538 1736 676 1788 DffqUe
694 1736 890 1786 Deaeque
906 1746 1044 1775 omnes
1055 1763 1068 1783 ,
1076 1731 1247 1790 studium
1263 1734 1407 1786 quibus
1423 1745 1526 1776 arva
1542 1734 1655 1777 tueri.

312 1833 351 1875 ἃ
366 1845 408 1881 ν,
431 1837 496 1884 63.

530 1912 607 1954 Sed
628 1915 741 1967 t'hyae
756 1915 942 1961 thalamo,
972 1922 1040 1953 aut
1056 1911 1205 1962 Orycia
1221 1911 1472 1961 terebintho,

310 2005 360 2046 de
377 2006 479 2045 Aen.
497 2015 537 2051 x,
552 2015 578 2054 ,3
587 2005 623 2044 6.

531 2100 718 2156 Inclusum
734 2101 830 2142 buxo
843 2127 855 2148 ‚
886 2108 953 2140 aut
970 2097 1119 2150 Orycia
1136 2096 1375 2139 terebintho.

310 2198 348 2238 &
364 2198 417 2248 ΙΙ,
433 2210 554 2253 252111,
579 2199 638 2238 18.

587 2296 661 2338 Sed
674 2308 766 2351 quas
782 2296 864 2352 ipse
879 2296 956 2340 suis
972 2295 1073 2341 fecit
1087 2294 1213 2340 Amor
1227 2294 1408 2338 manibus
1418 2321 1430 2344 2

953 2387 957 2391 ’
1766 2381 1816 2424 de
