2070 2740
671 251 1452 315 cAXPvTI.
1732 264 1754 305 5

242 384 273 407 „
303 358 412 410 cujus
443 356 625 399 leetionis
655 359 758 400 hanc
789 357 961 399 caussam
991 355 1149 397 reddit:
1193 354 1303 396 Nam
1332 358 1427 397 urbs
1459 354 1571 408 Eryx
1601 365 1685 397 erat
1715 357 1756 396 in

243 441 273 462 ‚,
302 417 407 455 valle
443 416 636 463 Mazara,
687 417 757 455 ubi
793 414 873 453 fuit
904 415 1098 466 templum
1127 413 1265 453 nobile
1296 413 1465 454 Veneris
1483 439 1496 461 ,
1540 425 1640 465 quae
1664 413 1756 452 inde

243 497 274 519 ‚2
303 471 479 523 Erycina
501 471 604 512 dista
626 470 693 510 est.
720 471 758 509 &
779 483 890 517 xcvr,
916 482 954 521 7.

468 537 531 578 At
551 536 678 590 Volusi
693 538 846 578 annales
864 538 1038 578 Gadium
1048 546 1252 592 portentur
1268 538 1316 579 ad
1333 539 1465 592 ipsam.

244 607 353 659 cujus
376 607 589 658 scripturae
611 606 796 646 venustas
820 616 866 646 ut
888 608 1057 659 intelligi
1080 608 1223 659 possit,
1261 606 1431 648 auctoris
1447 607 1570 648 verba
1585 618 1759 659 ponam:

244 691 274 711 „
305 671 443 702 contra
471 675 570 714 quae
601 663 751 702 somnia
780 662 998 715 amplector
1021 663 1237 704 lectionem
1260 677 1417 704 auream
1441 664 1589 704 codicis
1614 663 1760 709 nostri,

245 746 274 767 „
308 717 482 758 Gadumn
504 727 716 771 portentur
739 718 788 758 ad
812 720 954 771 ipsam,
986 732 1035 759 ex
1061 720 1235 760 Gadzmm
1259 730 1391 761 tamen
1408 721 1537 768 facio,
1572 719 1758 767 Gadium,

246 803 275 823 ,‚
306 787 330 814 ιι
360 775 398 814 &
428 789 452 815 a
481 776 655 815 invicem
686 777 728 814 in
759 775 840 815 mss.
873 785 919 815 ut
949 789 1087 816 omncs
1119 787 1280 817 norunt.
1349 777 1482 816 Gades
1507 778 1613 816 enim
1637 776 1762 815 insula

246 858 276 879 „
305 843 427 884 parva
463 832 682 883 Hispaniae
720 832 762 870 in
799 833 895 871 mari
935 833 1130 879 Oceano,
1182 834 1251 872 ubi
1291 833 1564 873 scombrorum
1595 834 1763 872 maxima

249 915 278 936 ,,
310 889 436 939 copia.
496 888 625 926 Mitto
649 899 756 927 nunc
779 889 853 926 alia
876 900 959 927 non
982 889 1111 928 minus
1135 889 1280 928 absona
1304 890 1342 928 δε
1365 890 1529 929 absurda
1546 917 1557 936 ,
1595 890 1761 939 quibus,

248 956 372 994 aeque
397 956 441 983 ac
469 942 687 983 maledictis
719 955 768 984 ex
790 945 909 982 trivio
934 946 1097 996 arreptis
1115 972 1126 991 ,
1159 944 1356 996 inpudens
1380 946 1628 985 conviciator
1650 945 1764 996 saepe

249 1009 351 1039 totas
389 1001 548 1051 paginas
587 1000 758 1050 inplevit
794 1001 994 1040 annalium
1032 1000 1342 1042 Volufianorum
1380 1001 1465 1041 fato
1506 1001 1763 1055 dignissimas.

248 1056 358 1096 Nam
388 1055 485 1105 quid
514 1054 564 1094 de
594 1054 673 1094 fide
705 1055 788 1106 ejus
819 1056 1100 1104 ostentatoris,
1147 1057 1328 1097 codicem
1367 1058 1522 1097 Romae
1560 1067 1764 1109 repertum

245 1111 456 1164 jactantis,
497 1111 757 1162 judicandum
792 1113 870 1159 fit,
914 1122 1077 1165 apparet
1115 1125 1164 1153 ex
1201 1114 1280 1154 1100
1318 1114 1546 1154 testimonio
1585 1114 1767 1167 Scipionis

249 1195 280 1217 „
310 1164 472 1222 Maffeji
495 1169 537 1207 in
560 1168 799 1220 Appendice
822 1168 958 1209 Musei
984 1170 1226 1210 Veronensis
1249 1183 1289 1223 p.
1315 1183 1402 1210 ccv.
1434 1170 1589 1211 Prodiit
1605 1170 1768 1221 quidem

250 1252 280 1274 „
311 1234 402 1264 ante
432 1226 505 1264 hos
536 1224 676 1264 decem
699 1237 823 1265 annos
858 1226 1097 1266 Corradinus
1129 1227 1317 1277 quidam,
1362 1228 1485 1267 literis
1516 1227 1604 1267 satis
1636 1227 1765 1277 inqui-

251 1308 282 1330 „
312 1291 455 1328 natus,
508 1281 576 1331 qui
615 1281 818 1321 Catullum
856 1293 904 1322 ex
940 1283 1210 1333 antiquissimo
1249 1283 1390 1323 codice
1422 1285 1577 1323 Romae
1607 1292 1768 1335 reperto

250 1364 281 1387 2,
311 1337 430 1377 edere
451 1335 641 1388 jactavit3
678 1338 745 1377 sed
768 1339 880 1377 illum
910 1339 1106 1377 mendacii
1136 1338 1389 1377 manifestum
1419 1348 1627 1378 tenemus:
1672 1340 1770 1390 quin

252 1420 282 1441 „
313 1393 466 1432 dehac
496 1392 768 1432 ludificatione
799 1392 953 1432 ridebat
982 1394 1211 1441 interdum,
1256 1403 1302 1433 ut
1327 1397 1494 1447 accepi,
1532 1395 1769 1435 fabulando.

251 1477 282 1498 ‚,
313 1450 360 1488 In
390 1461 439 1488 eo
470 1450 573 1488 libro
606 1462 697 1489 cum
727 1449 963 1500 quibusdam
993 1451 1141 1503 ingenii
1172 1451 1387 1490 luminibus
1427 1452 1566 1491 deliria
1602 1452 1770 1491 sociavit

251 1533 282 1554 9,
312 1507 447 1544 multa.
510 1505 655 1543 Catulli
680 1506 798 1544 etiam
821 1506 929 1556 apud
950 1518 1013 1545 me
1038 1506 1219 1546 codicem
1242 1506 1419 1547 laudavit
1441 1508 1615 1560 saepius,
1647 1520 1769 1559 quem

253 1589 283 1610 „
314 1573 388 1614 ego
405 1572 480 1600 nec
496 1561 714 1612 appellavi,
746 1573 820 1601 nec
837 1562 970 1601 habui.
1012 1562 1106 1603 Nec
1122 1571 1254 1603 tamen
1271 1563 1461 1612 defuere,
1479 1565 1547 1615 qui
1564 1573 1677 1604 notas
1695 1565 1768 1604 ho-

251 1618 392 1665 minis,
422 1626 468 1657 ut
484 1618 673 1668 exquisita
688 1616 868 1658 doctrina
883 1618 1069 1666 refertas,
1088 1619 1435 1668 commendarent,
1467 1622 1768 1672 eumque,r1ni-

255 1687 348 1714 cum
372 1674 523 1714 scilicet
548 1673 691 1712 Catulli
713 1674 1001 1723 restitutorem,
1038 1676 1197 1717 summis
1221 1678 1262 1716 in
1279 1679 1438 1718 coelum
1454 1677 1636 1718 laudibus
1655 1678 1773 1718 effer-

254 1739 367 1776 rent,
406 1729 444 1768 &
468 1729 509 1767 in
533 1730 771 1769 carminibus
797 1730 960 1770 edendis
984 1732 1261 1782 sequerentur!
1299 1733 1379 1773 Sed
1395 1743 1552 1786 tempus
1571 1734 1628 1774 est
1643 1734 1691 1773 ad
1709 1732 1771 1773 A·

255 1786 378 1825 chillfs
400 1783 521 1824 Statii
543 1784 787 1836 conJec‘turas
810 1786 951 1827 redire.
1012 1788 1169 1836 Tertia,
1205 1788 1376 1841 pulveris
1398 1789 1561 1837 Eretrf,
1599 1790 1774 1840 quodam

255 1850 438 1893 temfoe
460 1842 610 1893 placuit
632 1841 809 1894 Heinfio,
847 1845 914 1893 qui
938 1845 979 1882 in
1003 1844 1187 1896 epistola,
1219 1845 1256 1884 d.
1282 1858 1328 1895 17
1346 1845 1487 1885 Martii
1504 1848 1554 1886 A.
1579 1849 1697 1897 1678.
1723 1846 1773 1887 ad

257 1898 470 1938 Graevimn
485 1897 648 1949 scripta,
659 1897 726 1937 sed
742 1898 922 1938 nondum
939 1900 1065 1947 edita,
1076 1900 1183 1940 sensa
1198 1902 1341 1940 mentis
1359 1903 1530 1954 explicat
1540 1903 1618 1943 hoc
1627 1903 1771 1943 modo:

257 1981 287 2002 „
318 1955 364 1994 In
398 1953 541 1993 Catulli
563 1955 655 1993 loco
678 1955 779 1993 nihil
800 1955 982 2007 praefidii
1004 1970 1026 1996 a
1049 1957 1254 1997 codicibus
1278 1957 1429 2009 scriptis
1448 1986 1461 2005 ,
1506 1972 1675 2009 quorum
1708 1972 1772 2000 ex·

257 2038 287 2059 „
318 2020 453 2062 cerpta
476 2011 681 2062 complura
702 2011 908 2063 posfideo,
947 2026 1038 2053 cum
1060 2012 1239 2064 petatur,
1277 2014 1466 2055 assentior
1488 2014 1641 2055 Achilli*
1651 2015 1778 2056 Statio

259 2094 289 2114 „
319 2068 539 2106 mutatione
562 2068 725 2107 minima
747 2070 988 2119 reponenti,
1027 2069 1097 2109 Ille
1113 2070 1288 2123 pulveris
1315 2069 1470 2118 Eretri,
1500 2085 1573 2123 pro
1597 2071 1776 2120 Eretrii,

261 2151 291 2171 „
322 2124 370 2162 ab
394 2123 572 2171 Eretria,
604 2123 754 2176 oppido
778 2124 978 2164 Euboico,
1039 2127 1106 2166 An
1131 2127 1307 2166 dicemus
1332 2128 1501 2167 allusisse
1521 2127 1710 2167 Catullum
1727 2129 1775 2168 ad

261 2207 292 2228 „
321 2180 530 2231 pulverem
553 2181 665 2220 illum
682 2208 694 2227 ,
734 2181 797 2220 cui
820 2193 933 2233 pares
957 2194 1080 2222 annos
1106 2184 1154 2223 ab
1186 2183 1378 2235 Apolline
1410 2184 1560 2234 Sibylla
1592 2186 1688 2224 olim
1720 2185 1776 2225 est

263 2263 293 2284 „
322 2244 481 2287 precata
497 2236 517 2274 ’ἕ
553 2236 591 2275 &
613 2237 715 2277 hanc
739 2237 817 2277 dici
839 2247 973 2278 vatem
995 2239 1219 2279 Euboicam
1242 2240 1405 2279 minime
1421 2241 1591 2294 ignoras.
1650 2241 1775 2292 Equi-

264 2292 356 2332 dem
378 2304 461 2331 non
484 2293 624 2345 ignoro
649 2291 815 2333 Statium
839 2294 981 2334 dixisse
1005 2296 1114 2346 Sylv.
1141 2296 1174 2342 Ι,
1201 2308 1259 2342 1v,
1290 2299 1379 2335 126.

604 2355 779 2396 Euboici
809 2357 1088 2411 transscendere
1124 2359 1301 2411 pulveris
1339 2373 1463 2400 mmor.

263 2417 419 2462 Verum
449 2421 537 2472 quis
566 2421 701 2463 credat
731 2423 969 2476 pulverem,
1002 2425 1072 2521 gui
1102 2437 1215 2477 pares
1239 2437 1363 2467 annos
1389 2426 1541 2477 Sibylla
1558 2455 1570 2473 ,
1608 2428 1656 2467 ab
1680 2415 1780 2468 urbe

1070 2491 1093 2531 3
1646 2485 1780 2524 Italiae
