2070 2740
309 127 394 172 228
535 116 1649 165 EMENDATIONVM

538 237 669 280 Laeta
685 235 792 277 Deae
800 234 968 289 signum,
999 234 1163 276 crudelia
1170 234 1287 290 sacra
1298 237 1471 292 perosae,

597 294 812 335 Transtulit
831 305 874 332 ex
893 293 989 339 illis,
1020 293 1058 333 in
1076 294 1249 343 meliora,
1279 294 1377 335 locis.

542 351 677 405 [Haec
695 351 813 403 igitur
828 351 960 402 regi0,
990 351 1120 403 magni
1143 352 1357 402 penetralia
1372 351 1533 398 mundi,

595 408 727 461 Quam
744 406 883 459 fugere
901 406 1082 447 homines
1099 405 1261 458 Dique,
1291 409 1515 459 propinqua
1533 407 1630 448 mihi
1647 406 1715 448 est.

542 466 677 513 Atque
696 474 822 501 meam
841 470 982 501 terram
999 474 1125 513 prope
1142 463 1232 502 sunt
1248 463 1430 503 funebria
1447 465 1572 512 sacra,

594 520 635 559 Si
652 519 771 558 modo
788 517 939 557 Nasoni
957 519 1118 557 barbara
1136 527 1237 558 terra
1253 519 1318 559 sua
1334 518 1425 571 eth]

549 573 587 615 O
603 575 746 615 utinam
764 574 892 620 venti,
923 574 1053 626 quibus
1072 571 1121 627 est
1138 575 1287 614 ablatus
1307 573 1475 628 Orestes,

603 630 762 672 Placato
778 629 953 684 referant
974 627 1024 677 ὅ)
1039 643 1118 670 mea
1136 631 1221 671 vela
1241 630 1346 672 Deo!

320 729 377 772 Ν.
405 729 581 784 Heiufius
605 729 651 769 ad
674 742 713 770 v.
745 731 817 780 85:
855 757 885 777 ,‚
902 728 1114 771 Distichon
1139 731 1254 771 etiam
1271 731 1350 771 hoc
1368 729 1586 771 Ovidianae
1605 742 1732 772 venae
1756 733 1827 773 vix

320 787 376 827 est
391 796 437 826 ut
455 786 666 827 censeatur.
679 813 709 834 ,‚
768 788 870 826 Sane
886 787 1070 840 languet3
1100 799 1175 827 nec
1190 786 1285 832 ferri
1302 797 1475 839 queunt,
1489 787 1721 843 propinqua,
1737 796 1826 842 pro-

311 851 361 896 pe
377 841 438 898 est.
501 842 640 898 Quid?
670 843 779 894 quod
794 842 905 896 supra
921 842 1072 884 dietum
1089 856 1127 884 v.
1148 846 1214 894 63.

548 933 630 976 Nec
642 935 775 987 procul
793 947 815 974 a
831 935 932 975 nobis
949 935 1043 976 locus
1059 933 1130 990 est.
1163 936 1226 976 uhi
1246 934 1411 977 Taurica
1427 934 1515 977 dira

600 990 720 1032 Caede
733 993 982 1044 pharetratae
995 993 1169 1045 pascitur
1183 1004 1257 1033 ara
1273 992 1392 1033 Deae.

322 1088 400 1129 Sed
424 1089 503 1129 hoc
527 1089 694 1140 amplius
720 1087 860 1127 iisdem
883 1087 1011 1127 ferme
1029 1086 1078 1126 de
1095 1088 1235 1128 caussis
1253 1088 1491 1129 antecedens
1509 1086 1735 1141 suspeetum
1751 1086 1830 1129 effe

320 1154 516 1199 potuerat.
576 1145 665 1197 Ego
691 1144 854 1194 quidem
876 1141 1124 1194 scripfifl'em:

546 1239 677 1280 Laeta
693 1238 799 1279 Deae
807 1237 976 1291 siguum,
1008 1237 1173 1280 crudelia
1178 1236 1297 1292 sacra
1310 1236 1482 1292 perosae,

611 1294 824 1335 Transtulit
841 1304 886 1333 ex
904 1294 998 1342 illis,
1027 1295 1065 1335 in
1081 1295 1254 1342 meliora,
1285 1296 1382 1336 locis.

552 1351 589 1392 O
608 1351 754 1391 utinam
771 1349 902 1397 venti,
933 1350 1063 1403 quibus
1080 1349 1129 1406 est
1145 1352 1296 1392 ablatus
1314 1351 1484 1409 Orestes,

605 1406 766 1450 Placato
781 1404 960 1460 referant
976 1404 1026 1454 &⁹
1040 1420 1120 1448 mea
1136 1408 1222 1450 vela
1236 1407 1342 1450 Deo!

326 1499 433 1598 ffiod
449 1500 603 1542 suavius
621 1499 696 1542 effe
721 1502 789 1554 qui
811 1512 894 1541 non
918 1499 1056 1549 sentit,
1092 1502 1193 1542 nihil
1219 1501 1350 1542 sentit.
1374 1530 1377 1532 >
1421 1502 1559 1544 Simile
1583 1503 1682 1547 illud
1713 1504 1831 1550 Trist.·

389 1585 400 1605 ν
425 1570 460 1605 1,
491 1568 558 1609 47·

555 1649 687 1717 Cauffa
693 1649 947 1714 superpositae
953 1650 1096 1705 scripto
1113 1648 1251 1714 testata
1268 1663 1417 1693 coronae

606 1708 788 1748 ber-vatos
809 1719 907 1746 cives
924 1707 1066 1748 indicat
1083 1707 1195 1762 hujus
1209 1716 1282 1761 ope.

552 1762 694 1819 Adjice
700 1762 874 1817 servatis
890 1775 1023 1812 unum,
1054 1763 1178 1805 Pater
1194 1765 1346 1818 optime,
1376 1767 1505 1808 civem.

329 1858 367 1900 δε
392 1859 449 1909 V,
469 1872 516 1903 xl
531 1872 565 1908 1,
585 1863 652 1911 67.

554 1954 782 2000 Scribimus,
813 1951 1033 2007 &scriptos
1048 1953 1268 2009 absumimus
1290 1957 1372 2009 igne
1389 1957 1535 2000 libellos.

609 2010 755 2051 Exitus
771 2007 820 2063 est
828 2008 951 2063 studii
960 2019 1093 2063 parva
1101 2010 1254 2064 favilla
1273 2014 1353 2052 mei.

556 2065 639 2108 Nec
655 2065 724 2119 ulfi
733 2074 828 2118 pars
845 2065 929 2119 casu
939 2066 1104 2120 flammis
1121 2077 1269 2122 erepta,
1301 2068 1448 2117 dolove,

607 2121 678 2163 Ad
693 2134 760 2164 vos
776 2123 914 2175 ingenii
923 2125 1101 2176 pervenit
1116 2126 1192 2165 ulla
1208 2126 1289 2165 mei.
1320 2148 1326 2154 ·

559 2177 622 2220 Sic
642 2180 805 2226 utinam,
835 2191 926 2232 quae
941 2180 995 2220 nil
1010 2189 1224 2222 metuentem
1241 2181 1317 2222 tale
1332 2179 1550 2236 magistrum

617 2234 817 2283 Perdidit,
848 2236 886 2277 in
903 2237 1041 2278 cineres
1057 2237 1142 2278 Ars
1155 2251 1234 2279 mea
1250 2239 1362 2293 versa
1371 2237 1491 2293 foret.

1651 2337 1836 2381 CAPVT
