<?xml version="1.0" encoding="UTF-8"?>
<!DOCTYPE html PUBLIC "-//W3C//DTD XHTML 1.0 Transitional//EN"
    "http://www.w3.org/TR/xhtml1/DTD/xhtml1-transitional.dtd">
<html xmlns="http://www.w3.org/1999/xhtml" xml:lang="en" lang="en">
 <head>
  <title>
</title>
<meta http-equiv="Content-Type" content="text/html;charset=utf-8" />
  <meta name='ocr-system' content='tesseract 3.04.00' />
  <meta name='ocr-capabilities' content='ocr_page ocr_carea ocr_par ocr_line ocrx_word'/>
</head>
<body>
  <div class='ocr_page' id='page_1' title='image "./joschraderiliber00schruoft_0285.png"; bbox 0 0 2070 2740; ppageno 0'>
   <div class='ocr_carea' id='block_1_1' title="bbox 500 157 1375 205">
    <p class='ocr_par' dir='ltr' id='par_1_1' title="bbox 500 157 1375 205">
     <span class='ocr_line' id='line_1_1' title="bbox 500 157 1375 205; baseline 0.005 -4"><span class='ocrx_word' id='word_1_1' title='bbox 500 157 538 201; x_wconf 88' lang='lat' dir='ltr'>C</span> <span class='ocrx_word' id='word_1_2' title='bbox 649 160 689 201; x_wconf 87' lang='lat' dir='ltr'>A</span> <span class='ocrx_word' id='word_1_3' title='bbox 800 157 832 200; x_wconf 92' lang='lat' dir='ltr'><strong>P</strong></span> <span class='ocrx_word' id='word_1_4' title='bbox 944 158 989 200; x_wconf 90' lang='lat' dir='ltr'>V</span> <span class='ocrx_word' id='word_1_5' title='bbox 1100 159 1140 203; x_wconf 90' lang='lat' dir='ltr'>T</span> <span class='ocrx_word' id='word_1_6' title='bbox 1306 162 1375 205; x_wconf 81' lang='lat' dir='ltr'><em>XI.</em></span> 
     </span>
    </p>
   </div>
   <div class='ocr_carea' id='block_1_2' title="bbox 442 263 1476 378">
    <p class='ocr_par' dir='ltr' id='par_1_2' title="bbox 442 263 1476 378">
     <span class='ocr_line' id='line_1_2' title="bbox 443 263 1476 321; baseline 0.006 -16"><span class='ocrx_word' id='word_1_7' title='bbox 443 263 666 318; x_wconf 80' lang='lat' dir='ltr'><em>Purpureus</em></span> <span class='ocrx_word' id='word_1_8' title='bbox 675 263 769 320; x_wconf 80' lang='lat' dir='ltr'><em>fieri</em></span> <span class='ocrx_word' id='word_1_9' title='bbox 779 293 790 313; x_wconf 90' lang='lat'>,</span> <span class='ocrx_word' id='word_1_10' title='bbox 822 276 901 306; x_wconf 79' lang='lat' dir='ltr'><em>cum</em></span> <span class='ocrx_word' id='word_1_11' title='bbox 915 267 1077 318; x_wconf 84' lang='lat' dir='ltr'><em>primum</em></span> <span class='ocrx_word' id='word_1_12' title='bbox 1101 266 1262 307; x_wconf 82' lang='lat' dir='ltr'><em>Aurora</em></span> <span class='ocrx_word' id='word_1_13' title='bbox 1279 275 1452 311; x_wconf 76' lang='lat' dir='ltr'><em>movetur</em></span> <span class='ocrx_word' id='word_1_14' title='bbox 1462 285 1476 321; x_wconf 85' lang='lat'><em>,·</em></span> 
     </span>
     <span class='ocr_line' id='line_1_3' title="bbox 442 320 1395 378; baseline 0.003 -16"><span class='ocrx_word' id='word_1_15' title='bbox 442 321 500 362; x_wconf 81' lang='lat' dir='ltr'><em>Et</em></span> <span class='ocrx_word' id='word_1_16' title='bbox 517 322 632 363; x_wconf 86' lang='lat' dir='ltr'><em>breve</em></span> <span class='ocrx_word' id='word_1_17' title='bbox 645 322 725 378; x_wconf 80' lang='lat' dir='ltr'><em>post</em></span> <span class='ocrx_word' id='word_1_18' title='bbox 740 330 881 375; x_wconf 80' lang='lat' dir='ltr'><em>tempus</em></span> <span class='ocrx_word' id='word_1_19' title='bbox 898 320 1110 374; x_wconf 79' lang='lat' dir='ltr'><em>candescere</em></span> <span class='ocrx_word' id='word_1_20' title='bbox 1132 322 1226 363; x_wconf 70' lang='lat' dir='ltr'><em>Solis</em></span> <span class='ocrx_word' id='word_1_21' title='bbox 1242 325 1288 363; x_wconf 84' lang='lat' dir='ltr'><em>ab</em></span> <span class='ocrx_word' id='word_1_22' title='bbox 1307 325 1395 365; x_wconf 51' lang='lat' dir='ltr'><em>icen.</em></span> 
     </span>
    </p>
   </div>
   <div class='ocr_carea' id='block_1_3' title="bbox 1658 180 1691 207">
    <p class='ocr_par' dir='ltr' id='par_1_3' title="bbox 1658 180 1691 207">
     <span class='ocr_line' id='line_1_4' title="bbox 1658 180 1691 207; textangle 90"><span class='ocrx_word' id='word_1_23' title='bbox 1658 180 1691 207; x_wconf 36' lang='grc' dir='ltr'><em>θα)</em></span> 
     </span>
    </p>
   </div>
   <div class='ocr_carea' id='block_1_4' title="bbox 1689 179 1736 218">
    <p class='ocr_par' dir='ltr' id='par_1_4' title="bbox 1689 179 1736 218">
     <span class='ocr_line' id='line_1_5' title="bbox 1689 179 1736 218; textangle 90"><span class='ocrx_word' id='word_1_24' title='bbox 1689 179 1736 218; x_wconf 46' lang='grc' dir='ltr'><em>«ἐ</em></span> 
     </span>
    </p>
   </div>
   <div class='ocr_carea' id='block_1_5' title="bbox 214 414 1671 474">
    <p class='ocr_par' dir='ltr' id='par_1_5' title="bbox 214 414 1671 474">
     <span class='ocr_line' id='line_1_6' title="bbox 214 414 1671 474; baseline 0.003 -17"><span class='ocrx_word' id='word_1_25' title='bbox 214 414 352 468; x_wconf 87' lang='lat' dir='ltr'><em>Itaque</em></span> <span class='ocrx_word' id='word_1_26' title='bbox 370 427 453 474; x_wconf 72' lang='lat' dir='ltr'><em>nen</em></span> <span class='ocrx_word' id='word_1_27' title='bbox 470 415 632 464; x_wconf 80' lang='lat' dir='ltr'>dubito,</span> <span class='ocrx_word' id='word_1_28' title='bbox 663 416 780 467; x_wconf 84' lang='lat' dir='ltr'>quin,</span> <span class='ocrx_word' id='word_1_29' title='bbox 814 415 971 455; x_wconf 89' lang='lat' dir='ltr'>duobus</span> <span class='ocrx_word' id='word_1_30' title='bbox 990 415 1167 456; x_wconf 75' lang='lat' dir='ltr'><em>versibus</em></span> <span class='ocrx_word' id='word_1_31' title='bbox 1187 414 1321 467; x_wconf 71' lang='lat' dir='ltr'><em>ejeffis</em></span> <span class='ocrx_word' id='word_1_32' title='bbox 1334 443 1346 464; x_wconf 84' lang='lat'>,</span> <span class='ocrx_word' id='word_1_33' title='bbox 1377 418 1586 472; x_wconf 83' lang='lat' dir='ltr'><em>legendum</em></span> <span class='ocrx_word' id='word_1_34' title='bbox 1604 422 1671 463; x_wconf 82' lang='lat' dir='ltr'><em>fit:</em></span> 
     </span>
    </p>
   </div>
   <div class='ocr_carea' id='block_1_6' title="bbox 438 507 1520 846">
    <p class='ocr_par' dir='ltr' id='par_1_6' title="bbox 438 507 1520 674">
     <span class='ocr_line' id='line_1_7' title="bbox 443 507 1435 564; baseline 0.001 -13"><span class='ocrx_word' id='word_1_35' title='bbox 443 509 502 551; x_wconf 85' lang='lat' dir='ltr'><em>Et</em></span> <span class='ocrx_word' id='word_1_36' title='bbox 513 511 595 564; x_wconf 84' lang='lat' dir='ltr'><em>jam</em></span> <span class='ocrx_word' id='word_1_37' title='bbox 603 507 728 562; x_wconf 80' lang='lat' dir='ltr'><em>fortis</em></span> <span class='ocrx_word' id='word_1_38' title='bbox 744 516 849 555; x_wconf 77' lang='lat' dir='ltr'><em>erat,</em></span> <span class='ocrx_word' id='word_1_39' title='bbox 878 508 1077 563; x_wconf 84' lang='lat' dir='ltr'><em>pulsusque</em></span> <span class='ocrx_word' id='word_1_40' title='bbox 1093 509 1275 563; x_wconf 80' lang='lat' dir='ltr'><em>refiderat</em></span> <span class='ocrx_word' id='word_1_41' title='bbox 1292 511 1411 552; x_wconf 82' lang='lat' dir='ltr'><em>ardor</em></span> <span class='ocrx_word' id='word_1_42' title='bbox 1419 525 1435 562; x_wconf 79' lang='lat'><em>‚-</em></span> 
     </span>
     <span class='ocr_line' id='line_1_8' title="bbox 441 564 1520 620; baseline 0.002 -14"><span class='ocrx_word' id='word_1_43' title='bbox 441 565 531 606; x_wconf 85' lang='lat' dir='ltr'><em>Cum</em></span> <span class='ocrx_word' id='word_1_44' title='bbox 546 564 902 619; x_wconf 27' lang='lat' dir='ltr'><em>videt-Aefhniden:</em></span> <span class='ocrx_word' id='word_1_45' title='bbox 938 566 1174 619; x_wconf 63' lang='lat' dir='ltr'><em>extinuaque</em></span> <span class='ocrx_word' id='word_1_46' title='bbox 1187 565 1345 620; x_wconf 83' lang='lat' dir='ltr'><em>flamma</em></span> <span class='ocrx_word' id='word_1_47' title='bbox 1361 569 1520 611; x_wconf 78' lang='lat' dir='ltr'><em>revixit.</em></span> 
     </span>
     <span class='ocr_line' id='line_1_9' title="bbox 438 621 1281 674; baseline 0.001 -11"><span class='ocrx_word' id='word_1_48' title='bbox 438 621 638 663; x_wconf 82' lang='lat' dir='ltr'><em>Erubuere</em></span> <span class='ocrx_word' id='word_1_49' title='bbox 654 634 766 673; x_wconf 86' lang='lat' dir='ltr'><em>genae</em></span> <span class='ocrx_word' id='word_1_50' title='bbox 775 635 790 670; x_wconf 90' lang='lat'><em>,·</em></span> <span class='ocrx_word' id='word_1_51' title='bbox 822 629 966 674; x_wconf 78' lang='lat' dir='ltr'><em>totoque</em></span> <span class='ocrx_word' id='word_1_52' title='bbox 984 622 1180 663; x_wconf 78' lang='lat' dir='ltr'><em>recanduit</em></span> <span class='ocrx_word' id='word_1_53' title='bbox 1196 637 1257 664; x_wconf 85' lang='lat' dir='ltr'><em>ore</em></span> <span class='ocrx_word' id='word_1_54' title='bbox 1266 638 1281 673; x_wconf 88' lang='grc'><em>,-</em></span> 
     </span>
    </p>

    <p class='ocr_par' dir='ltr' id='par_1_7' title="bbox 443 676 1394 789">
     <span class='ocr_line' id='line_1_10' title="bbox 445 676 1394 734; baseline 0.004 -16"><span class='ocrx_word' id='word_1_55' title='bbox 445 676 605 732; x_wconf 77' lang='lat' dir='ltr'><em>UtJblet</em></span> <span class='ocrx_word' id='word_1_56' title='bbox 620 692 645 719; x_wconf 84' lang='lat' dir='ltr'><em>a</em></span> <span class='ocrx_word' id='word_1_57' title='bbox 660 679 785 719; x_wconf 80' lang='lat' dir='ltr'><em>ventis</em></span> <span class='ocrx_word' id='word_1_58' title='bbox 799 678 974 719; x_wconf 80' lang='lat' dir='ltr'><em>alimenta</em></span> <span class='ocrx_word' id='word_1_59' title='bbox 992 677 1176 732; x_wconf 80' lang='lat' dir='ltr'><em>resumere</em></span> <span class='ocrx_word' id='word_1_60' title='bbox 1185 693 1200 728; x_wconf 79' lang='lat'><em>,-</em></span> <span class='ocrx_word' id='word_1_61' title='bbox 1231 692 1394 734; x_wconf 81' lang='lat' dir='ltr'><em>quaeque</em></span> 
     </span>
     <span class='ocr_line' id='line_1_11' title="bbox 443 732 1331 789; baseline 0.003 -15"><span class='ocrx_word' id='word_1_62' title='bbox 443 733 582 774; x_wconf 80' lang='lat' dir='ltr'><em>Parva</em></span> <span class='ocrx_word' id='word_1_63' title='bbox 591 733 664 788; x_wconf 82' lang='lat' dir='ltr'><em>sub</em></span> <span class='ocrx_word' id='word_1_64' title='bbox 681 732 836 776; x_wconf 57' lang='lat' dir='ltr'><em>indueld</em></span> <span class='ocrx_word' id='word_1_65' title='bbox 851 735 967 775; x_wconf 80' lang='lat' dir='ltr'><em>latuit</em></span> <span class='ocrx_word' id='word_1_66' title='bbox 974 735 1145 789; x_wconf 77' lang='lat' dir='ltr'><em>scintilla</em></span> <span class='ocrx_word' id='word_1_67' title='bbox 1156 734 1331 787; x_wconf 75' lang='lat' dir='ltr'><em>favilld,</em></span> 
     </span>
    </p>

    <p class='ocr_par' dir='ltr' id='par_1_8' title="bbox 438 789 1442 846">
     <span class='ocr_line' id='line_1_12' title="bbox 438 789 1442 846; baseline 0.003 -16"><span class='ocrx_word' id='word_1_68' title='bbox 438 789 606 843; x_wconf 78' lang='lat' dir='ltr'><em>Crescere</em></span> <span class='ocrx_word' id='word_1_69' title='bbox 617 818 629 839; x_wconf 87' lang='lat'>‚</span> <span class='ocrx_word' id='word_1_70' title='bbox 660 789 710 838; x_wconf 51' lang='grc' dir='ltr'><em>ἐξ</em></span> <span class='ocrx_word' id='word_1_71' title='bbox 725 793 764 832; x_wconf 82' lang='lat' dir='ltr'><em>in</em></span> <span class='ocrx_word' id='word_1_72' title='bbox 789 799 934 831; x_wconf 77' lang='lat' dir='ltr'><em>veteres</em></span> <span class='ocrx_word' id='word_1_73' title='bbox 950 792 1100 845; x_wconf 78' lang='lat' dir='ltr'><em>agitata</em></span> <span class='ocrx_word' id='word_1_74' title='bbox 1115 790 1310 846; x_wconf 84' lang='lat' dir='ltr'><em>resurgere</em></span> <span class='ocrx_word' id='word_1_75' title='bbox 1325 794 1442 835; x_wconf 80' lang='lat' dir='ltr'><em>vires.</em></span> 
     </span>
    </p>
   </div>
   <div class='ocr_carea' id='block_1_7' title="bbox 212 885 1725 994">
    <p class='ocr_par' dir='ltr' id='par_1_9' title="bbox 212 885 1725 994">
     <span class='ocr_line' id='line_1_13' title="bbox 212 885 1725 940; baseline 0.003 -13"><span class='ocrx_word' id='word_1_76' title='bbox 212 887 268 927; x_wconf 88' lang='lat' dir='ltr'><em>At</em></span> <span class='ocrx_word' id='word_1_77' title='bbox 290 886 390 926; x_wconf 83' lang='lat' dir='ltr'><em>male</em></span> <span class='ocrx_word' id='word_1_78' title='bbox 412 885 542 927; x_wconf 86' lang='lat' dir='ltr'><em>feriati</em></span> <span class='ocrx_word' id='word_1_79' title='bbox 559 885 824 933; x_wconf 66' lang='lat' dir='ltr'><em>cormetores,</em></span> <span class='ocrx_word' id='word_1_80' title='bbox 858 887 926 937; x_wconf 83' lang='lat' dir='ltr'><em>qui</em></span> <span class='ocrx_word' id='word_1_81' title='bbox 941 886 1159 940; x_wconf 76' lang='lat' dir='ltr'><em>postremos</em></span> <span class='ocrx_word' id='word_1_82' title='bbox 1177 887 1311 930; x_wconf 86' lang='lat' dir='ltr'><em>versus</em></span> <span class='ocrx_word' id='word_1_83' title='bbox 1327 887 1478 937; x_wconf 71' lang='grc' dir='ltr'><em>πςότασιν</em></span> <span class='ocrx_word' id='word_1_84' title='bbox 1496 887 1573 931; x_wconf 80' lang='lat' dir='ltr'><em>ess&#39;e</em></span> <span class='ocrx_word' id='word_1_85' title='bbox 1590 890 1725 932; x_wconf 86' lang='lat' dir='ltr'><em>crede-</em></span> 
     </span>
     <span class='ocr_line' id='line_1_14' title="bbox 212 941 790 994; baseline -0.007 -12"><span class='ocrx_word' id='word_1_86' title='bbox 212 951 321 991; x_wconf 77' lang='lat' dir='ltr'><em>rent,</em></span> <span class='ocrx_word' id='word_1_87' title='bbox 351 941 498 979; x_wconf 67' lang='grc' dir='ltr'><em>οἱπὸδοσιν</em></span> <span class='ocrx_word' id='word_1_88' title='bbox 516 943 790 994; x_wconf 81' lang='lat' dir='ltr'><em>subJ‘ecerunt;</em></span> 
     </span>
    </p>
   </div>
   <div class='ocr_carea' id='block_1_8' title="bbox 436 1036 1494 1147">
    <p class='ocr_par' dir='ltr' id='par_1_10' title="bbox 436 1036 1494 1147">
     <span class='ocr_line' id='line_1_15' title="bbox 436 1036 1494 1092; baseline 0.004 -16"><span class='ocrx_word' id='word_1_89' title='bbox 436 1036 500 1076; x_wconf 82' lang='lat' dir='ltr'><em>Sic</em></span> <span class='ocrx_word' id='word_1_90' title='bbox 510 1036 595 1090; x_wconf 82' lang='lat' dir='ltr'><em>jam</em></span> <span class='ocrx_word' id='word_1_91' title='bbox 611 1036 731 1077; x_wconf 80' lang='lat' dir='ltr'><em>lentus</em></span> <span class='ocrx_word' id='word_1_92' title='bbox 749 1049 877 1084; x_wconf 84' lang='lat' dir='ltr'><em>amor,</em></span> <span class='ocrx_word' id='word_1_93' title='bbox 904 1038 987 1091; x_wconf 81' lang='lat' dir='ltr'><em>jam</em></span> <span class='ocrx_word' id='word_1_94' title='bbox 1006 1049 1110 1090; x_wconf 79' lang='lat' dir='ltr'><em>quenz</em></span> <span class='ocrx_word' id='word_1_95' title='bbox 1128 1038 1303 1091; x_wconf 81' lang='lat' dir='ltr'><em>languere</em></span> <span class='ocrx_word' id='word_1_96' title='bbox 1315 1045 1494 1092; x_wconf 81' lang='lat' dir='ltr'><em>putares,</em></span> 
     </span>
     <span class='ocr_line' id='line_1_16' title="bbox 443 1091 1382 1147; baseline 0.004 -15"><span class='ocrx_word' id='word_1_97' title='bbox 443 1091 500 1133; x_wconf 78' lang='lat' dir='ltr'><em>Ut</em></span> <span class='ocrx_word' id='word_1_98' title='bbox 516 1093 621 1133; x_wconf 77' lang='lat' dir='ltr'><em>vidit</em></span> <span class='ocrx_word' id='word_1_99' title='bbox 633 1094 836 1147; x_wconf 72' lang='lat' dir='ltr'><em>juvenem,</em></span> <span class='ocrx_word' id='word_1_100' title='bbox 858 1092 982 1146; x_wconf 82' lang='lat' dir='ltr'><em>specie</em></span> <span class='ocrx_word' id='word_1_101' title='bbox 995 1093 1209 1147; x_wconf 80' lang='lat' dir='ltr'><em>praesentis</em></span> <span class='ocrx_word' id='word_1_102' title='bbox 1225 1094 1382 1147; x_wconf 81' lang='lat' dir='ltr'><em>inarflt:</em></span> 
     </span>
    </p>
   </div>
   <div class='ocr_carea' id='block_1_9' title="bbox 210 1184 1725 1298">
    <p class='ocr_par' dir='ltr' id='par_1_11' title="bbox 210 1184 1725 1298">
     <span class='ocr_line' id='line_1_17' title="bbox 210 1184 1725 1240; baseline 0.002 -14"><span class='ocrx_word' id='word_1_103' title='bbox 210 1198 327 1237; x_wconf 87' lang='lat' dir='ltr'>quam</span> <span class='ocrx_word' id='word_1_104' title='bbox 360 1186 556 1226; x_wconf 81' lang='lat' dir='ltr'><em>barbaries</em></span> <span class='ocrx_word' id='word_1_105' title='bbox 575 1211 588 1231; x_wconf 90' lang='lat'>‚</span> <span class='ocrx_word' id='word_1_106' title='bbox 635 1185 673 1224; x_wconf 71' lang='grc' dir='ltr'><em>ὅτ.</em></span> <span class='ocrx_word' id='word_1_107' title='bbox 703 1184 862 1225; x_wconf 85' lang='lat' dir='ltr'><em>inficeta</em></span> <span class='ocrx_word' id='word_1_108' title='bbox 891 1198 1023 1225; x_wconf 86' lang='lat' dir='ltr'><em>rerum</em></span> <span class='ocrx_word' id='word_1_109' title='bbox 1053 1188 1348 1237; x_wconf 80' lang='lat' dir='ltr'><em>verborumque</em></span> <span class='ocrx_word' id='word_1_110' title='bbox 1378 1189 1564 1240; x_wconf 87' lang='lat' dir='ltr'><em>repetitio</em></span> <span class='ocrx_word' id='word_1_111' title='bbox 1595 1188 1725 1229; x_wconf 84' lang='lat' dir='ltr'><em>redar-</em></span> 
     </span>
     <span class='ocr_line' id='line_1_18' title="bbox 210 1239 1724 1298; baseline 0.004 -17"><span class='ocrx_word' id='word_1_112' title='bbox 210 1252 357 1296; x_wconf 80' lang='lat' dir='ltr'>guunt:</span> <span class='ocrx_word' id='word_1_113' title='bbox 391 1243 629 1287; x_wconf 76' lang='lat' dir='ltr'><em>verborum,</em></span> <span class='ocrx_word' id='word_1_114' title='bbox 667 1239 756 1280; x_wconf 84' lang='lat' dir='ltr'><em>Cum</em></span> <span class='ocrx_word' id='word_1_115' title='bbox 777 1241 887 1281; x_wconf 89' lang='lat' dir='ltr'><em>videt</em></span> <span class='ocrx_word' id='word_1_116' title='bbox 907 1241 1140 1295; x_wconf 82' lang='lat' dir='ltr'><em>Aesoniden,</em></span> <span class='ocrx_word' id='word_1_117' title='bbox 1166 1240 1223 1283; x_wconf 85' lang='lat' dir='ltr'><em>Ut</em></span> <span class='ocrx_word' id='word_1_118' title='bbox 1239 1243 1339 1284; x_wconf 89' lang='lat' dir='ltr'><strong>vidit</strong></span> <span class='ocrx_word' id='word_1_119' title='bbox 1349 1244 1528 1298; x_wconf 84' lang='lat' dir='ltr'><em>juvenem</em></span> <span class='ocrx_word' id='word_1_120' title='bbox 1535 1258 1550 1295; x_wconf 84' lang='grc'><em>,·</em></span> <span class='ocrx_word' id='word_1_121' title='bbox 1569 1256 1724 1294; x_wconf 86' lang='lat' dir='ltr'><em>rerum,</em></span> 
     </span>
    </p>
   </div>
   <div class='ocr_carea' id='block_1_10' title="bbox 435 1330 1521 1452">
    <p class='ocr_par' dir='ltr' id='par_1_12' title="bbox 435 1330 1521 1452">
     <span class='ocr_line' id='line_1_19' title="bbox 435 1330 1435 1389; baseline 0.001 -14"><span class='ocrx_word' id='word_1_122' title='bbox 435 1332 494 1375; x_wconf 80' lang='lat' dir='ltr'><em>Et</em></span> <span class='ocrx_word' id='word_1_123' title='bbox 503 1333 585 1389; x_wconf 82' lang='lat' dir='ltr'><em>jam</em></span> <span class='ocrx_word' id='word_1_124' title='bbox 595 1330 720 1385; x_wconf 82' lang='lat' dir='ltr'><em>fortis</em></span> <span class='ocrx_word' id='word_1_125' title='bbox 736 1340 841 1381; x_wconf 80' lang='lat' dir='ltr'><em>erat,</em></span> <span class='ocrx_word' id='word_1_126' title='bbox 869 1332 1067 1387; x_wconf 83' lang='lat' dir='ltr'><em>pulsusque</em></span> <span class='ocrx_word' id='word_1_127' title='bbox 1091 1333 1274 1387; x_wconf 76' lang='lat' dir='ltr'><em>refiderat</em></span> <span class='ocrx_word' id='word_1_128' title='bbox 1296 1334 1435 1383; x_wconf 86' lang='lat' dir='ltr'><em>ardor,</em></span> 
     </span>
     <span class='ocr_line' id='line_1_20' title="bbox 436 1388 1521 1452; baseline 0.003 -22"><span class='ocrx_word' id='word_1_129' title='bbox 436 1390 527 1431; x_wconf 80' lang='lat' dir='ltr'><em>Cum</em></span> <span class='ocrx_word' id='word_1_130' title='bbox 546 1388 653 1430; x_wconf 78' lang='lat' dir='ltr'><em>videt</em></span> <span class='ocrx_word' id='word_1_131' title='bbox 668 1388 902 1443; x_wconf 76' lang='lat' dir='ltr'><em>Aesoniden,</em></span> <span class='ocrx_word' id='word_1_132' title='bbox 933 1390 1334 1452; x_wconf 57' lang='lat' dir='ltr'><em>exeinstaqueflamma</em></span> <span class='ocrx_word' id='word_1_133' title='bbox 1350 1392 1496 1434; x_wconf 78' lang='lat' dir='ltr'><em>revixit</em></span> <span class='ocrx_word' id='word_1_134' title='bbox 1505 1407 1521 1444; x_wconf 90' lang='lat'><em>,·</em></span> 
     </span>
    </p>
   </div>
   <div class='ocr_carea' id='block_1_11' title="bbox 211 1446 1484 1707">
    <p class='ocr_par' dir='ltr' id='par_1_13' title="bbox 211 1446 1484 1707">
     <span class='ocr_line' id='line_1_21' title="bbox 211 1446 1484 1558; baseline 0.002 -14"><span class='ocrx_word' id='word_1_135' title='bbox 211 1446 269 1495; x_wconf 55' lang='grc' dir='ltr'><em>ἃ,</em></span> <span class='ocrx_word' id='word_1_136' title='bbox 430 1502 491 1544; x_wconf 79' lang='lat' dir='ltr'><em>Sic</em></span> <span class='ocrx_word' id='word_1_137' title='bbox 501 1504 586 1558; x_wconf 83' lang='lat' dir='ltr'><em>jam</em></span> <span class='ocrx_word' id='word_1_138' title='bbox 603 1504 721 1544; x_wconf 73' lang='lat' dir='ltr'><em>lentus</em></span> <span class='ocrx_word' id='word_1_139' title='bbox 737 1515 862 1551; x_wconf 83' lang='lat' dir='ltr'><em>amor,</em></span> <span class='ocrx_word' id='word_1_140' title='bbox 889 1503 973 1557; x_wconf 82' lang='lat' dir='ltr'><em>jam</em></span> <span class='ocrx_word' id='word_1_141' title='bbox 993 1515 1096 1557; x_wconf 82' lang='lat' dir='ltr'><em>quem</em></span> <span class='ocrx_word' id='word_1_142' title='bbox 1115 1504 1292 1557; x_wconf 86' lang='lat' dir='ltr'><em>languere</em></span> <span class='ocrx_word' id='word_1_143' title='bbox 1302 1512 1484 1558; x_wconf 85' lang='lat' dir='ltr'><em>putares,</em></span> 
     </span>
     <span class='ocr_line' id='line_1_22' title="bbox 436 1558 1349 1615; baseline 0.002 -15"><span class='ocrx_word' id='word_1_144' title='bbox 436 1558 494 1600; x_wconf 83' lang='lat' dir='ltr'><em>Ut</em></span> <span class='ocrx_word' id='word_1_145' title='bbox 509 1559 610 1601; x_wconf 75' lang='lat' dir='ltr'><em>vidit</em></span> <span class='ocrx_word' id='word_1_146' title='bbox 622 1561 820 1614; x_wconf 84' lang='lat' dir='ltr'><em>juvenem,</em></span> <span class='ocrx_word' id='word_1_147' title='bbox 842 1558 966 1614; x_wconf 72' lang='lat' dir='ltr'><em>specie</em></span> <span class='ocrx_word' id='word_1_148' title='bbox 978 1558 1188 1614; x_wconf 75' lang='lat' dir='ltr'><em>praesentis</em></span> <span class='ocrx_word' id='word_1_149' title='bbox 1203 1561 1349 1615; x_wconf 76' lang='lat' dir='ltr'><em>inarfit.</em></span> 
     </span>
     <span class='ocr_line' id='line_1_23' title="bbox 265 1655 506 1707; baseline -0.008 -10"><span class='ocrx_word' id='word_1_150' title='bbox 265 1657 319 1697; x_wconf 87' lang='lat' dir='ltr'><em>ib.</em></span> <span class='ocrx_word' id='word_1_151' title='bbox 336 1655 391 1697; x_wconf 88' lang='lat' dir='ltr'><em>vs.</em></span> <span class='ocrx_word' id='word_1_152' title='bbox 411 1665 506 1707; x_wconf 83' lang='lat'><strong><em>577.</em></strong></span> 
     </span>
    </p>
   </div>
   <div class='ocr_carea' id='block_1_12' title="bbox 434 1744 1485 2027">
    <p class='ocr_par' dir='ltr' id='par_1_14' title="bbox 434 1744 1485 2027">
     <span class='ocr_line' id='line_1_24' title="bbox 439 1744 1382 1802; baseline 0.001 -14"><span class='ocrx_word' id='word_1_153' title='bbox 439 1745 662 1788; x_wconf 81' lang='lat' dir='ltr'><em>Semanimes</em></span> <span class='ocrx_word' id='word_1_154' title='bbox 677 1758 809 1787; x_wconf 89' lang='lat' dir='ltr'><em>errare</em></span> <span class='ocrx_word' id='word_1_155' title='bbox 828 1746 925 1794; x_wconf 81' lang='lat' dir='ltr'><em>viis,</em></span> <span class='ocrx_word' id='word_1_156' title='bbox 957 1746 1043 1788; x_wconf 84' lang='lat' dir='ltr'><em>dum</em></span> <span class='ocrx_word' id='word_1_157' title='bbox 1054 1744 1164 1802; x_wconf 85' lang='lat' dir='ltr'><em>stare</em></span> <span class='ocrx_word' id='word_1_158' title='bbox 1180 1747 1382 1798; x_wconf 84' lang='lat' dir='ltr'><em>valebant,</em></span> 
     </span>
     <span class='ocr_line' id='line_1_25' title="bbox 438 1801 1398 1859; baseline 0.001 -15"><span class='ocrx_word' id='word_1_159' title='bbox 438 1802 687 1858; x_wconf 65' lang='lat' dir='ltr'><em>Adspicere53</em></span> <span class='ocrx_word' id='word_1_160' title='bbox 707 1801 843 1857; x_wconf 87' lang='lat' dir='ltr'><em>flentes</em></span> <span class='ocrx_word' id='word_1_161' title='bbox 857 1804 969 1851; x_wconf 76' lang='lat' dir='ltr'><em>alios,</em></span> <span class='ocrx_word' id='word_1_162' title='bbox 1000 1811 1197 1856; x_wconf 82' lang='lat' dir='ltr'><em>terraeque</em></span> <span class='ocrx_word' id='word_1_163' title='bbox 1206 1804 1375 1859; x_wconf 83' lang='lat' dir='ltr'><em>jacentes</em></span> <span class='ocrx_word' id='word_1_164' title='bbox 1380 1819 1398 1856; x_wconf 84' lang='lat'><em>‚-</em></span> 
     </span>
     <span class='ocr_line' id='line_1_26' title="bbox 434 1857 1309 1916; baseline -0.001 -15"><span class='ocrx_word' id='word_1_165' title='bbox 434 1857 627 1916; x_wconf 86' lang='lat' dir='ltr'><em>Laffaque</em></span> <span class='ocrx_word' id='word_1_166' title='bbox 643 1858 835 1913; x_wconf 82' lang='lat' dir='ltr'><em>versantes</em></span> <span class='ocrx_word' id='word_1_167' title='bbox 844 1858 1018 1913; x_wconf 84' lang='lat' dir='ltr'><em>supremo</em></span> <span class='ocrx_word' id='word_1_168' title='bbox 1042 1860 1182 1901; x_wconf 77' lang='lat' dir='ltr'><em>lumina</em></span> <span class='ocrx_word' id='word_1_169' title='bbox 1197 1868 1309 1902; x_wconf 80' lang='lat' dir='ltr'><em>motu.</em></span> 
     </span>
     <span class='ocr_line' id='line_1_27' title="bbox 436 1915 1485 1969; baseline 0.002 -13"><span class='ocrx_word' id='word_1_170' title='bbox 436 1915 727 1969; x_wconf 87' lang='lat' dir='ltr'><em>[Membraque</em></span> <span class='ocrx_word' id='word_1_171' title='bbox 750 1916 956 1969; x_wconf 87' lang='lat' dir='ltr'><em>pendentis</em></span> <span class='ocrx_word' id='word_1_172' title='bbox 973 1916 1142 1958; x_wconf 90' lang='lat' dir='ltr'><em>tendunt</em></span> <span class='ocrx_word' id='word_1_173' title='bbox 1157 1917 1205 1957; x_wconf 87' lang='lat' dir='ltr'><em>ad</em></span> <span class='ocrx_word' id='word_1_174' title='bbox 1220 1918 1343 1958; x_wconf 87' lang='lat' dir='ltr'><em>fidera</em></span> <span class='ocrx_word' id='word_1_175' title='bbox 1359 1917 1485 1967; x_wconf 85' lang='lat' dir='ltr'><em>coeli,</em></span> 
     </span>
     <span class='ocr_line' id='line_1_28' title="bbox 437 1970 1449 2027; baseline -0.002 -12"><span class='ocrx_word' id='word_1_176' title='bbox 437 1970 540 2021; x_wconf 73' lang='lat' dir='ltr'>Hic,</span> <span class='ocrx_word' id='word_1_177' title='bbox 570 1974 653 2014; x_wconf 86' lang='lat' dir='ltr'>illic</span> <span class='ocrx_word' id='word_1_178' title='bbox 667 1973 737 2013; x_wconf 90' lang='lat' dir='ltr'><em>ubi</em></span> <span class='ocrx_word' id='word_1_179' title='bbox 752 1985 856 2013; x_wconf 85' lang='lat' dir='ltr'>mors</span> <span class='ocrx_word' id='word_1_180' title='bbox 873 1972 1158 2026; x_wconf 83' lang='lat' dir='ltr'><em>deprenderat,</em></span> <span class='ocrx_word' id='word_1_181' title='bbox 1188 1973 1449 2027; x_wconf 65' lang='lat' dir='ltr'><em>exhalantes]</em></span> 
     </span>
    </p>
   </div>
   <div class='ocr_carea' id='block_1_13' title="bbox 211 2064 1716 2177">
    <p class='ocr_par' dir='ltr' id='par_1_15' title="bbox 211 2064 1716 2177">
     <span class='ocr_line' id='line_1_29' title="bbox 213 2064 1716 2124; baseline 0.001 -15"><span class='ocrx_word' id='word_1_182' title='bbox 213 2064 462 2121; x_wconf 82' lang='lat' dir='ltr'><em>Capof&#39;erreus</em></span> <span class='ocrx_word' id='word_1_183' title='bbox 477 2094 490 2113; x_wconf 90' lang='lat'><strong>‚</strong></span> <span class='ocrx_word' id='word_1_184' title='bbox 535 2065 845 2107; x_wconf 85' lang='lat' dir='ltr'><em>adulterinorum</em></span> <span class='ocrx_word' id='word_1_185' title='bbox 869 2065 1053 2106; x_wconf 84' lang='lat' dir='ltr'><em>versuum</em></span> <span class='ocrx_word' id='word_1_186' title='bbox 1077 2066 1242 2120; x_wconf 84' lang='lat' dir='ltr'><em>diligens</em></span> <span class='ocrx_word' id='word_1_187' title='bbox 1265 2067 1545 2124; x_wconf 84' lang='lat' dir='ltr'><em>investigator,</em></span> <span class='ocrx_word' id='word_1_188' title='bbox 1581 2069 1716 2111; x_wconf 82' lang='lat' dir='ltr'><strong>multis</strong></span> 
     </span>
     <span class='ocr_line' id='line_1_30' title="bbox 211 2122 1390 2177; baseline -0.002 -12"><span class='ocrx_word' id='word_1_189' title='bbox 211 2125 351 2165; x_wconf 87' lang='lat' dir='ltr'>docuit</span> <span class='ocrx_word' id='word_1_190' title='bbox 365 2124 602 2177; x_wconf 82' lang='lat' dir='ltr'><em>argumentis</em></span> <span class='ocrx_word' id='word_1_191' title='bbox 619 2124 660 2163; x_wconf 90' lang='lat' dir='ltr'><em>in</em></span> <span class='ocrx_word' id='word_1_192' title='bbox 676 2123 755 2163; x_wconf 91' lang='lat' dir='ltr'><em>hoc</em></span> <span class='ocrx_word' id='word_1_193' title='bbox 770 2133 934 2163; x_wconf 90' lang='lat' dir='ltr'><em>numero</em></span> <span class='ocrx_word' id='word_1_194' title='bbox 951 2122 1183 2175; x_wconf 86' lang='lat' dir='ltr'><em>ponendum</em></span> <span class='ocrx_word' id='word_1_195' title='bbox 1200 2123 1275 2165; x_wconf 88' lang='lat' dir='ltr'><em>effe</em></span> <span class='ocrx_word' id='word_1_196' title='bbox 1295 2127 1390 2176; x_wconf 81' lang='lat'>580.</span> 
     </span>
    </p>
   </div>
   <div class='ocr_carea' id='block_1_14' title="bbox 432 2214 1369 2270">
    <p class='ocr_par' dir='ltr' id='par_1_16' title="bbox 432 2214 1369 2270">
     <span class='ocr_line' id='line_1_31' title="bbox 432 2214 1369 2270; baseline 0.001 -13"><span class='ocrx_word' id='word_1_197' title='bbox 432 2214 678 2269; x_wconf 82' lang='lat' dir='ltr'><em>Membraque</em></span> <span class='ocrx_word' id='word_1_198' title='bbox 688 2214 882 2270; x_wconf 82' lang='lat' dir='ltr'><em>pendentis</em></span> <span class='ocrx_word' id='word_1_199' title='bbox 896 2216 1054 2258; x_wconf 80' lang='lat' dir='ltr'><em>tendunt</em></span> <span class='ocrx_word' id='word_1_200' title='bbox 1068 2214 1122 2257; x_wconf 90' lang='lat' dir='ltr'><em>ad</em></span> <span class='ocrx_word' id='word_1_201' title='bbox 1125 2215 1256 2269; x_wconf 81' lang='lat' dir='ltr'><em>sidera</em></span> <span class='ocrx_word' id='word_1_202' title='bbox 1272 2218 1369 2259; x_wconf 84' lang='lat' dir='ltr'><em>coeli.</em></span> 
     </span>
    </p>
   </div>
   <div class='ocr_carea' id='block_1_15' title="bbox 214 2309 1722 2411">
    <p class='ocr_par' dir='ltr' id='par_1_17' title="bbox 214 2309 1722 2411">
     <span class='ocr_line' id='line_1_32' title="bbox 214 2309 1659 2411; baseline -0.003 -55"><span class='ocrx_word' id='word_1_203' title='bbox 214 2313 292 2357; x_wconf 85' lang='lat' dir='ltr'><em>Sed</em></span> <span class='ocrx_word' id='word_1_204' title='bbox 301 2341 313 2363; x_wconf 80' lang='lat'>,</span> <span class='ocrx_word' id='word_1_205' title='bbox 324 2325 372 2355; x_wconf 89' lang='lat' dir='ltr'><em>eo</em></span> <span class='ocrx_word' id='word_1_206' title='bbox 389 2312 540 2354; x_wconf 82' lang='lat' dir='ltr'>sublato</span> <span class='ocrx_word' id='word_1_207' title='bbox 551 2337 563 2358; x_wconf 88' lang='lat'>,</span> <span class='ocrx_word' id='word_1_208' title='bbox 574 2310 782 2353; x_wconf 84' lang='lat' dir='ltr'><strong>vinculum</strong></span> <span class='ocrx_word' id='word_1_209' title='bbox 799 2309 925 2351; x_wconf 81' lang='lat' dir='ltr'><em>deerit</em></span> <span class='ocrx_word' id='word_1_210' title='bbox 935 2338 947 2359; x_wconf 86' lang='lat'>‚</span> <span class='ocrx_word' id='word_1_211' title='bbox 979 2312 1317 2409; x_wconf 52' lang='lat' dir='ltr'><em>qssodcopulentur</em></span> <span class='ocrx_word' id='word_1_212' title='bbox 1325 2338 1339 2361; x_wconf 88' lang='lat'>,</span> <span class='ocrx_word' id='word_1_213' title='bbox 1619 2366 1659 2411; x_wconf 81' lang='lat' dir='ltr'><em>L</em></span> 
     </span>
     <span class='ocr_line' id='line_1_33' title="bbox 1661 2380 1722 2411; baseline 0 0"><span class='ocrx_word' id='word_1_214' title='bbox 1661 2380 1722 2411; x_wconf 73' lang='lat' dir='ltr'><em>as-</em></span> 
     </span>
    </p>
   </div>
  </div>
 </body>
</html>
