2070 2740
312 119 398 163 226
564 108 1669 161 EMENDATroNvM

544 223 673 278 Ergo,
695 222 732 276 fi
746 231 936 264 remanent
952 225 1052 277 ignes
1066 224 1137 265 tibi
1144 225 1308 277 penoris
1322 225 1442 276 idem,

599 281 686 321 Sola
704 288 809 320 tuum
826 289 936 322 vates
951 281 1093 321 Lesbia
1110 283 1236 323 vincet
1251 292 1350 336 opus.

318 391 424 432 Ante
439 401 478 430 v.
503 398 565 437 19.
625 386 733 440 Ergo
742 387 779 440 fi
799 409 890 420 ——-
913 389 1028 429 multi
1043 388 1202 430 codices
1219 390 1427 432 exhibent:

543 495 662 537 Tunc
680 503 839 545 quoque
859 492 950 546 (sed
967 492 1099 534 forsan
1117 495 1294 537 nostrum
1311 497 1462 538 delevit
1479 509 1653 541 amorem

599 549 805 604 Tempus)
823 551 1067 609 eraninimio
1079 551 1240 604 jun6tus
1258 566 1390 594 amore
1414 556 1506 596 tibi:

315 667 414 708 quos
437 654 571 753 νετίῑὲε
591 654 731 694 Critici
744 653 832 708 jure
848 653 1110 696 sustulerunt:
1141 654 1208 696 sed
1224 648 1303 697 hoc
1321 657 1486 711 amplius
1502 657 1670 700 tollendi
1684 657 1826 703 viden·

317 723 382 754 tur
399 722 536 753 antece
568 721 699 752 entes:
753 731 755 733 ·
1714 728 1740 732 ff
1765 729 1771 731 .

538 810 690 851 Primus
708 809 748 850 id
764 808 920 863 adspexi
938 811 1082 851 teneris
1099 811 1139 850 in
1157 812 1322 865 virg-inis
1339 814 1468 853 annis:¹

593 866 731 917 thue
745 877 878 919 patet,
908 878 1037 908 venae
1053 867 1210 918 duxque
1229 868 1530 921 comesque‘fui.

311 959 418 1002 Nam
435 960 504 1001 vix
520 961 731 1012 quicquam
748 961 916 1009 dicitur,
946 962 1018 1002 nifi
1036 961 1145 1012 quod
1157 962 1203 1001 in
1218 963 1418 1014 prioribus
1436 957 1685 1005 continetur:

533 1064 620 1105 Hoc
635 1076 698 1116 ego
715 1064 919 1117 Pegafia'ns
935 1062 1074 1104 deduxi
1081 1065 1230 1117 primus
1246 1064 1299 1105 ad
1315 1065 1457 1114 undas,

589 1119 654 1161 Ne
670 1121 763 1160 male
770 1119 958 1173 fecundae
975 1133 1073 1160 vena
1088 1121 1233 1172 periret
1252 1132 1382 1174 aquae.

307 1213 439 1255 Voces
455 1223 608 1260 autem,
638 1225 777 1260 venae,
809 1213 909 1260 dux,
940 1213 1151 1256 invenuste
1172 1223 1408 1266 repetuntur
1422 1215 1533 1270 post,
1558 1228 1679 1266 vena,
1709 1216 1833 1262 dedu-⁷

307 1272 371 1318 σείς
399 1271 528 1311 serum
544 1282 642 1310 vero
658 1271 797 1317 nimis,
826 1268 980 1323 adspexi
995 1271 1205 1323 ingenium,
1236 1270 1348 1323 post,

531 1368 614 1409 Hoc
631 1379 693 1420 ego
710 1365 914 1422 Pegasidas
931 1365 1072 1408 deduxi
1083 1368 1231 1421 primus
1247 1366 1301 1408 ad
1315 1366 1446 1409 undas.

307 1461 456 1510 Mitto,
487 1461 596 1513 quod
611 1461 781 1514 intelligi
798 1472 881 1502 non
902 1459 1060 1515 potest,
1092 1459 1219 1516 thue
1227 1470 1339 1517 patet
1353 1484 1457 1504 ——.

363 1532 439 1601 IV,
473 1565 534 1601 iv,
563 1565 586 1604 4
596 1564 634 1604 5.

535 1643 651 1698 quue
668 1642 775 1684 Deus
783 1641 930 1693 sentit:
954 1650 1026 1696 pro
1043 1655 1112 1697 quo
1126 1656 1192 1684 nec
1207 1645 1328 1685 lumen
1343 1645 1530 1689 ademtam
1547 1647 1618 1705 est,

588 1700 672 1741 Nec
687 1701 778 1740 mihi
794 1698 985 1740 detraum
996 1700 1157 1754 posfidet
1170 1701 1273 1742 alter
1288 1712 1380 1754 opes.

534 1756 709 1808 Forfitnn
725 1758 820 1796 hane
836 1754 954 1808 ipsam
972 1756 1115 1806 (vivat
1127 1756 1253 1810 modo)
1261 1756 1376 1812 finiet
1392 1760 1502 1809 olim,

596 1811 770 1864 Tempore
786 1824 864 1852 cum
873 1809 1005 1863 fuerit
1019 1814 1135 1854 lenior
1151 1815 1234 1861 ira,
1258 1812 1411 1867 fugam.

536 1867 651 1910 Nunc
668 1877 797 1920 precor
812 1869 897 1908 hinc
915 1868 987 1909 alio
998 1869 1133 1923 jubent
1149 1869 1352 1918 discedere,
1377 1871 1416 1924 fi
1429 1884 1500 1914 non

586 1923 731 1977 Nostra
748 1922 955 1964 verecundo
971 1932 1064 1965 vota
1076 1925 1219 1977 pudore
1237 1934 1377 1967 carent.

531 1978 672 2021 Mtius
690 1979 875 2031 exfilimn,
904 1981 1096 2034 paulloqne
1107 1983 1373 2034 propinquius,
1403 1992 1508 2037 opto,-

589 2034 738 2092 Quique
747 2034 800 2087 fit
817 2049 840 2076 a
847 2034 967 2089 saevo
984 2037 1125 2089 longius
1140 2036 1257 2092 hoste,
1294 2039 1421 2080 locum.

535 2091 796 2146 [Quantaque
812 2093 851 2132 in
869 2093 1051 2146 Augusto
1069 2095 1300 2143 clementia;
1330 2097 1358 2136 fi
1377 2097 1463 2147 quis
1482 2099 1530 2140 ab
1547 2101 1619 2142 1110

592 2149 686 2189 Hoc
702 2157 855 2200 peteret
870 2161 940 2202 pro
958 2162 1044 2198 me,
1075 2149 1236 2191 forsitan
1254 2152 1320 2190 ille
1338 2151 1484 2207 daret.]

533 2203 695 2255 Frigida
710 2217 763 2245 me
783 2205 945 2246 cohihent
960 2206 1107 2248 Euxini
1122 2207 1238 2248 litora
1263 2205 1402 2250 Ponti:

586 2260 725 2302 Diflus
743 2261 790 2302 ah
806 2263 971 2317 antiquis
985 2264 1142 2305 Axenus
1159 2264 1225 2305 ille
1227 2262 1332 2317 fuit.

1706 2324 1817 2367 Sem-
