2070 2740
488 166 553 217 Cf
630 168 667 217 A
782 174 813 215 P
891 170 965 214 ¹'V
1079 173 1117 216 T
1302 172 1394 217 XII.
1630 192 1709 234 223

196 281 409 337 &ignotus
429 282 669 325 verfificator
684 281 807 322 Anth.
829 278 962 321 Burin.
983 280 1030 320 T.
1058 292 1090 319 1.
1108 293 1147 333 p.
1167 291 1262 331 575.

412 381 526 425 Auro
544 381 637 436 quid
650 382 806 422 melius?
830 379 962 433 jaspis.
981 378 1073 432 quid
1082 378 1263 434 jaspide?
1282 371 1435 434 sensus:

188 491 233 523 ut
257 482 321 522 edi
348 481 537 524 debuerat
558 493 654 533 pro,
691 480 829 533 iaspis,
868 478 905 518 &
930 477 1086 531 iaspide.
1153 479 1237 521 Vix
1261 480 1393 532 itaque
1410 481 1574 532 dubito,
1604 485 1700 536 quin

189 551 270 580 vox
287 541 386 578 elata
404 539 524 579 tribus
540 536 720 589 syllabis,

413 633 574 686 Jazyges
605 627 656 676 &⁹

185 727 376 768 indicium
394 725 514 765 seculi
538 726 597 765 fic.

239 784 277 823 A
302 794 366 822 me
391 781 533 822 diverfi
561 781 650 821 sunt
685 779 830 833 Vossius
856 779 904 820 de
927 780 1040 820 Anal.
1073 792 1087 820 1
1103 792 1138 828 ι,
1173 791 1210 831 5.
1269 780 1514 837 Dausquejus
1548 783 1597 823 ad
1622 782 1692 826 Sil,

182 851 260 879 v11
277 851 311 885 1,
328 850 396 887 91.
427 836 642 891 Dresemizts
657 835 705 877 ad
725 835 881 892 Joseplz.
900 837 1024 877 Iscan.
1049 850 1114 884 ιν,
1133 840 1226 888 326.
1250 837 1500 890 Capoferreus
1511 840 1558 879 ad
1574 840 1693 882 Ovid.

183 896 287 937 Met.
306 908 347 942 v,
373 907 414 934 11
430 907 462 933 1.
509 892 660 946 Wafius
677 893 726 932 de
743 894 929 934 Licentia
946 892 998 932 V.
1015 895 1059 934 P.
1077 907 1116 946 p.
1137 905 1231 944 204.
1273 894 1472 936 Dorvilius
1486 897 1527 935 in
1547 896 1695 938 Vanno

186 951 282 991 Crit.
301 965 339 1004 p.
359 963 457 1001 402.
489 949 525 989 &
547 952 608 991 vir
632 949 772 1004 dodius
797 950 965 990 Observ.
992 949 1115 990 Misc.
1139 950 1231 991 Vol.
1250 963 1318 991 v1.
1343 965 1382 1004 p.
1404 963 1498 1002 355.
1529 951 1595 992 sed
1612 966 1693 994 non

183 1007 380 1048 audiendi.
441 1007 566 1047 Dicet
582 1007 743 1057 aliquis:
778 1005 916 1059 Quid?
948 1015 991 1045 tu
1015 1002 1239 1047 contemnis
1262 1005 1488 1060 Virgilium,
1520 1007 1693 1050 Flaccum

182 1065 220 1104 ἃ
242 1064 446 1112 Ovi-dium,
477 1076 577 1114 quos
600 1063 818 1103 sententiae
843 1064 1175 1114 locupletisfimos
1198 1064 1347 1104 habent
1365 1063 1577 1105 andlores?
1601 1066 1691 1120 Ego

180 1132 278 1160 vero
301 1122 439 1172 poetas
466 1120 631 1159 eximios
656 1130 737 1158 non
762 1127 999 1160 contemno:
1037 1128 1311 1160 verumtamen
1337 1122 1551 1172 exemplis,
1588 1134 1691 1172 quae

178 1178 329 1229 prolata
348 1177 459 1222 sunt,
488 1187 572 1215 non
588 1186 771 1215 moveor.
812 1174 893 1216 Cur
907 1183 1041 1215 autem
1057 1187 1140 1215 non
1158 1188 1344 1224 movear,
1359 1179 1495 1230 paucis
1515 1177 1688 1219 docebo.

240 1232 398 1285 Virgilii
413 1233 526 1272 locus
544 1233 647 1271 Aen.
668 1230 701 1277 Ι,
723 1231 818 1272 288.

401 1323 528 1377 Julius
545 1336 568 1363 a
588 1335 717 1375 magno
733 1320 916 1377 demiffum
931 1333 1056 1364 nomen
1074 1322 1185 1371 Ifflo,

176 1434 258 1463 non
275 1421 405 1474 magni
420 1418 605 1472 ponderis
623 1418 690 1459 est.
752 1419 813 1459 Ut
827 1420 933 1460 enim
949 1431 1056 1459 nunc
1072 1419 1162 1458 alias
1180 1420 1353 1459 rationes
1373 1421 1576 1468 omittam,
1593 1432 1688 1473 pro-

177 1480 259 1520 bari
283 1479 469 1524 deberet,
510 1476 636 1524 Iulus,
674 1488 822 1517 nomen
847 1488 869 1516 e
894 1476 1019 1517 tribus
1042 1473 1201 1527 syllabis
1226 1478 1500 1531 conpositum,
1534 1477 1688 1520 duabus

177 1536 321 1576 efferri.
544 1552 551 1565 e

222 1591 278 1632 ·In
294 1589 460 1631 Horatii
476 1588 605 1629 Carm.
623 1588 697 1636 IV,
716 1590 821 1637 11‚{1'.

398 1685 611 1727 Pindarum
628 1681 932 1738 quisquis-studet
941 1683 1153 1731 aemulari,

396 1744 506 1797 Jule,
538 1742 673 1782 ceratis
688 1761 777 1769 —-

173 1836 350 1899 Heinsius
367 1843 414 1884 ad
434 1842 503 1883 Sil.
521 1855 570 1883 v1
586 1834 598 1881 1
613 1854 648 1889 1,
668 1853 738 1891 91.
772 1853 840 1881 cor
863 1840 1013 1894 'gebatz

395 1935 608 1977 Pindarum
627 1936 789 1989 quisquis
797 1932 930 1989 studet
946 1935 1131 1976 aemulari
1137 1962 1150 1983 ‚
1183 1935 1220 1975 1-

392 1995 480 2041 iile,
513 1994 658 2033 ceratis.

170 2088 265 2130 Nec
290 2087 399 2126 aliter
422 2087 630 2137 conplures
657 2083 839 2130 edidere,
869 2091 1054 2134 tanquam
1084 2083 1291 2133 Camertes,
1322 2081 1565 2133 Saiiadonu52
1606 2083 1680 2124 Cilo

170 2143 402 2196 niwgmwim,
431 2142 493 2188 &‚
522 2140 682 2182 auetore
702 2137 938 2195 Pafferatio,
970 2140 1193 2182 Lambinus.

226 2201 271 2244 In
305 2196 442 2241 Ovidii
458 2198 624 2238 Metam.
649 2210 713 2245 ιν,
733 2203 827 2248 031.

395 2296 661 2351 Iapetionides
680 2296 800 2339 Atlas
813 2294 924 2352 suff-⁸

1571 2393 1689 2446 Capua
