2070 2740
345 184 423 224 ις,
547 165 1657 211 ΕΜΕΝᾛΑΤῑοΝνΜ

564 282 762 336 Omphale
779 279 816 320 &
830 281 871 322 in
890 287 1038 322 tantum
1046 276 1201 333 formae
1215 279 1381 336 proceffit
1397 280 1589 324 honorem.-

344 372 414 414 ets1
445 372 645 412 nonnullis
676 370 886 422 displicere
915 368 1066 421 posfit,
1122 366 1304 420 Omphale
1342 363 1392 414 ἐξ
1416 367 1614 425 proceffit‚
1658 368 1763 412 inter
1792 377 1856 411 tot

343 433 486 471 ἀσύνδεῖα
514 430 775 470 collocatum:

568 521 730 562 Colchis
739 518 956 574 flagrantes
972 517 1219 560 adamantina
1227 517 1300 572 sub
1310 519 1408 573 juga
1424 525 1554 560 tauros

625 578 661 618 E
692 579 733 616 it.

569 591 803 686 Ausfferox
817 633 865 673 ab
882 644 970 686 equo
987 639 1117 673 contra
1133 643 1364 686 oppugnare
1372 629 1532 685 sagittis

620 690 798 730 Maeotis
815 689 996 729 Danaam
1013 686 1260 730 Penthefilea
1275 696 1390 728 rates.

574 746 773 799 Omphale
790 747 826 786 in
844 743 1156 798 tantumformae
1172 745 1351 798 proceffit
1369 745 1550 786 honorem.

571 802 778 857 Persarum
794 802 928 844 statuit
945 802 1143 856 Babylona
1161 801 1385 842 Semiramis
1403 802 1543 843 urbem.

350 910 478 952 Tollit
502 911 595 949 item
619 911 748 964 regius
773 911 896 958 liber,
930 911 969 949 in
986 922 1089 961 quo,
1122 908 1218 950 teste
1240 907 1411 961 Guyeto,
1441 907 1607 960 legitur,
1643 903 1864 958 Omphale,-

351 969 415 1007 cui
447 967 660 1064 scrispturae
689 967 873 1021 fingulari
895 978 1155 1021 permagnum
1178 965 1335 1018 pondus
1361 965 1477 1005 affert
1498 962 1692 1005 Diotimus
1715 964 1756 1003 in
1780 965 1866 1004 An·-

351 1025 450 1064 thol.
468 1036 506 1064 m
526 1053 536 1063 .

561 1117 651 1163 Χαῖςέ
672 1131 743 1161 μοι,
764 1115 846 1162 ιὶβςέ
863 1112 1021 1164 zusammen,
1047 1112 1095 1148 τδν
1114 1113 1275 1158 Ὀμφαλιή
1290 1125 1365 1148 ποτε
1384 1110 1467 1150 Λυδῆ

605 1165 768 1209 Λυσαμὲνη
784 1161 929 1208 φιλότητ’
945 1163 1038 1201 ἦλθεν
1056 1165 1082 1198 ἐς
1098 1162 1290 1207 Ἦξοικλὲους.

351 1253 404 1293 fic
435 1252 542 1291 enim
573 1250 683 1290 dedit
712 1248 918 1303 Salmafius
948 1249 996 1289 ad
1031 1247 1191 1290 Ter-tull.
1226 1249 1323 1289 Pall.
1355 1263 1394 1302 p.
1423 1261 1517 1301 301:
1541 1250 1594 1292 fic
1610 1250 1760 1292 habent
1775 1263 1871 1305 apo¹

350 1309 496 1362 grapba
528 1308 630 1355 duo,
669 1319 769 1358 quae
792 1306 995 1360 posfideo:
1033 1308 1086 1348 fic
1109 1306 1334 1358 Lipfiense:
1371 1319 1462 1347 nam
1486 1306 1663 1348 Reiskius
1687 1307 1738 1347 V.
1766 1308 1813 1348 C.
1846 1320 1868 1349 e

349 1363 600 1416 comodum,
639 1376 739 1415 quae
769 1364 900 1410 libris,
939 1363 977 1403 &
1007 1363 1074 1404 ms.
1102 1361 1300 1416 Propertii
1322 1373 1538 1417 repugnat,
1563 1363 1683 1406 edere
1706 1366 1867 1413 maluit,

350 1427 653 1475 'offlednmffrrm
671 1428 765 1468 Λυδῆ.
819 1420 1018 1473 Omphalie
1041 1429 1195 1468 autem,
1234 1421 1331 1468 vel,
1372 1420 1590 1473 Omffnlis,
1628 1421 1738 1473 quod
1761 1423 1871 1463 nulla

351 1479 446 1518 dote
465 1478 792 1525 commendatur,
827 1477 996 1530 Guyetus
1013 1478 1270 1530 approbabat.
1309 1477 1490 1530 Heinsius
1505 1491 1602 1519 vero
1619 1488 1725 1519 ratus
1756 1490 1870 1526 „no-

350 1547 444 1575 men
472 1533 672 1586 Omphales
704 1534 992 1586 supervacuum
1024 1533 1128 1580 effe,
1173 1532 1293 1584 idque
1317 1545 1367 1573 ex
1395 1535 1578 1585 proximo
1603 1534 1868 1585 subsequente

349 1600 601 1644 pentametro
624 1589 711 1630 satis
735 1592 908 1641 liquere,
927 1617 956 1638 ,,
994 1589 1204 1643 legendum
1228 1591 1412 1641 putabat:
1442 1589 1510 1630 An
1534 1603 1605 1631 non
1621 1613 1710 1619 ——-—
1727 1592 1746 1630 ,9
1776 1593 1866 1639 vel,

352 1645 488 1689 Nonne
505 1647 750 1687 etiam—{³
779 1648 867 1694 vel,
900 1644 983 1686 Nec
999 1659 1068 1687 non
1085 1659 1197 1695 --,·
1223 1647 1311 1693 vel,
1329 1645 1438 1702 Quin
1454 1648 1567 1687 etiam
1585 1668 1684 1686 —.
1714 1659 1754 1687 v.
1767 1647 1866 1699 Syll.

350 1703 484 1744 Burm.
503 1718 542 1756 p.
573 1715 669 1754 531,
697 1715 745 1754 53
756 1715 790 1742 2.
823 1703 860 1743 &
876 1702 979 1743 Not.
998 1716 1037 1755 p.
1060 1715 1155 1754 724.
1217 1702 1293 1743 Sed
1314 1704 1411 1743 haec
1430 1705 1579 1744 nemini
1597 1703 1866 1756 persuadebit.

349 1761 450 1804 Non
476 1760 644 1801 deerunt
667 1759 774 1801 forte
791 1788 803 1807 ,
849 1760 915 1810 qui
941 1761 1135 1800 mirentur
1152 1757 1418 1812 Broekhufium
1444 1773 1525 1800 non
1549 1759 1868 1802 animadvertisse

349 1827 428 1859 tam
452 1817 702 1869 perspicuum
727 1816 934 1856 mendum:
981 1816 1047 1856 sed
1071 1817 1202 1856 mirari
1228 1816 1407 1857 definent
1423 1844 1435 1863 ,
1480 1830 1570 1857 cum
1603 1819 1868 1871 cognoverint

348 1885 441 1914 eum
457 1875 506 1914 ab
522 1875 595 1914 hac
610 1884 722 1926 parte
738 1874 854 1913 nimis
870 1873 1051 1913 securum
1068 1870 1203 1912 fuiffe:
1241 1872 1352 1912 dedit
1368 1874 1474 1914 euim
1491 1872 1567 1921 IV,
1584 1885 1680 1922 v111,
1701 1885 1767 1926 39.

509 1975 516 1982 '
571 1973 721 2017 Nilotes
737 1976 870 2016 tibicen
888 1982 993 2023 erat,
1025 1973 1256 2030 crotalastria
1273 1975 1409 2018 Philis.

348 2079 385 2120 δε
399 2092 458 2127 Χῐ,
474 2090 542 2129 40.

621 2182 771 2241 Qgcique
787 2192 873 2227 tuas
882 2192 1054 2239 proavus
1063 2183 1215 2240 fregit,
1247 2185 1429 2234 Achille,
1460 2182 1591 2227 domos.

346 2278 453 2327 &112
470 2291 586 2328 xxm,
609 2291 698 2320 101.

1737 2385 1858 2429 Haec
