2070 2740
632 186 666 229 c
770 171 817 231 A
921 188 953 230 P
1064 186 1107 227 v
1215 187 1298 233 T·
1397 192 1482 234 111.
1719 210 1775 252 57

248 329 356 372 pm,
399 315 561 371 amplis,
607 316 871 383 conjiciebat:
917 316 1082 356 exercita
1113 315 1239 364 diris,
1283 319 1352 358 vel
1394 321 1532 363 mii-is:
1575 333 1649 378 ego
1687 337 1770 367 non

247 376 411 423 habeo,
455 374 566 425 quod
595 375 755 425 liqueat.
836 372 1036 435 Posterius
1071 381 1203 415 tamen
1240 376 1361 430 magis
1392 379 1553 430 placet,
1604 381 1783 425 fortassee

245 433 339 483 quia
362 432 400 472 &
423 433 540 473 nobis
563 432 606 473 in
627 438 804 472 mentem
826 438 954 471 vemt.

297 501 338 530 v.
366 499 436 539 94.

411 576 587 619 Pierides
602 605 615 625 ‚
653 589 813 631 quarum
838 576 952 627 castos
974 578 1121 619 altaria
1137 576 1257 634 postes

409 633 576 676 Munere
589 634 704 689 saepe
725 648 801 676 meo
824 632 999 689 inficiunt
1016 663 1028 683 ,
1065 635 1292 690 foribusque
1316 635 1522 687 hyacinthi

405 692 637 744 Deponunt
658 691 776 732 flores
795 720 808 739 ,
845 700 914 732 alit
928 691 1053 745 fitave
1077 693 1213 733 rubens
1235 692 1423 747 narcissus
1439 723 1451 742 ⁷

404 748 494 789 Ant
518 761 643 789 crocus
665 748 816 788 alterna
841 749 1064 804 conjungens
1086 750 1169 790 lilia
1193 750 1320 791 caltha
1335 763 1348 790 .·

403 803 620 859 Sparsaque
643 804 833 845 liminibus
851 804 969 860 floret
992 805 1091 859 rosa.

232 891 336 952 Quis
367 909 544 950 unquam
574 897 628 938 s1c
652 898 810 937 locutus
836 895 891 936 est
908 897 928 936 ‘e’
974 897 1171 950 hyacinthi
1194 896 1406 949 deponunt
1427 898 1545 941 fiores
1568 901 1608 942 iii
1631 904 1760 958 templi

226 954 395 1011 foribus.
455 956 541 995 Aut
563 953 827 994 vehementer
848 952 968 993 fallor
983 979 997 1000 ,
1035 962 1103 993 aut
1125 964 1221 994 vere
1246 956 1401 995 correxi
1420 969 1429 994 :

1024 1040 1251 1097 foribusque
1275 1045 1484 1096 hyacinthi

394 1098 645 1153 Dependent
666 1098 785 1140 flores
803 1125 816 1146 ‚
854 1106 922 1141 aut
935 1097 1062 1153 fitave
1084 1101 1220 1143 rubens
1242 1102 1448 1143 narcissus.

223 1188 394 1231 Ovidius
414 1188 586 1230 Metam.
610 1200 707 1235 vm,
734 1197 829 1238 722.

928 1275 1092 1331 equidem
1115 1279 1335 1330 pendentia
1357 1280 1442 1323 vidi

392 1335 506 1376 Serta
520 1333 638 1388 snper
659 1346 784 1376 ramos
798 1361 811 1382 ‚
843 1341 1052 1387 ponensque
1076 1337 1242 1377 recentia
1264 1335 1359 1378 dixi.

217 1428 258 1471 δι
287 1439 346 1476 1v,
378 1437 474 1480 759.

388 1525 571 1579 Sertaque
593 1521 824 1577 dependent
847 1521 965 1563 tec‘tis.

214 1620 407 1662 Similiter
446 1630 579 1661 autem
616 1619 764 1660 librarii
796 1618 1050 1666 confudere,
1093 1615 1320 1672 suspendit,
1373 1618 1412 1660 &
1438 1618 1646 1674 supponit,
1699 1624 1741 1663 in

215 1677 422 1717 Claudiani
445 1678 554 1716 libris
579 1677 620 1714 in
644 1675 814 1727 Eutrop.
846 1689 882 1722 1,
911 1678 1004 1716 208.
1031 1674 1193 1727 pendere
1208 1704 1221 1723 ,
1268 1678 1306 1717 &
1324 1685 1460 1729 ponere
1483 1691 1522 1718 v.
1550 1691 1643 1728 204.
1670 1679 1707 1719 &
1725 1707 1737 1727 ,

210 1732 382 1786 inpendit
399 1760 411 1780 ‚
457 1732 496 1772 &
518 1732 670 1785 apponit
687 1759 699 1779 ,
745 1731 795 1770 de
819 1731 936 1771 Man.
966 1732 1083 1771 Cons.
1108 1744 1148 1772 v.
1176 1735 1242 1772 66.
1300 1733 1520 1787 Hyacinthi
1542 1748 1641 1776 vcro
1665 1735 1738 1789 flo-

209 1803 272 1831 res
292 1791 415 1844 poeta
438 1788 537 1832 dixit
553 1816 566 1836 ,
604 1798 650 1829 ut
671 1786 866 1830 Horatius
891 1788 1020 1829 Carm.
1046 1788 1101 1836 ΙΙ,
1132 1801 1214 1837 111,
1245 1801 1307 1841 13.

903 1877 1059 1917 nimium
1083 1877 1212 1918 brevis

378 1932 518 1975 Flores
543 1945 706 1976 amoenos
719 1930 836 1987 ferre
853 1934 963 1990 jubes
984 1934 1106 1975 rosae.

207 2020 268 2073 δε,
298 2038 417 2078 quem
441 2029 560 2069 toties
584 2028 761 2068 imitatur
778 2056 791 2076 ‚
833 2026 1007 2068 Catullus
1033 2027 1163 2069 Cann.
1189 2035 1254 2071 Lx.
1280 2025 1330 2068 de
1352 2025 1410 2068 N.
1436 2025 1501 2068 M.
1527 2036 1566 2068 v.
1595 2030 1633 2069 6.

505 2118 516 2129 ²
549 2118 664 2172 Cinge
688 2126 854 2172 tempora
878 2117 1044 2159 floribus

546 2175 808 2218 Suaveolentis
838 2176 1017 2216 amaraci.

200 2261 298 2306 Nec
329 2267 442 2307 aliter
473 2266 649 2318 conjecit
673 2267 915 2308 Criticorum
939 2266 1127 2319 princeps
1156 2262 1213 2305 N.
1240 2260 1449 2318 Haustus,
1487 2263 1598 2317 cujus
1621 2261 1728 2318 opti-

199 2334 284 2364 mas
310 2322 579 2366 correctiones
604 2336 697 2368 cum
718 2326 816 2368 meis
840 2324 927 2366 fere
953 2334 1175 2377 congruere
1196 2320 1331 2364 video.

257 2391 300 2420 v.
336 2390 428 2430 129.
1005 2434 1051 2478 H
1641 2428 1724 2476 Nec
