2070 2740
312 181 365 219 24
495 162 1611 220 EMENDATIONVM

314 290 494 345 Corippus
519 305 583 340 111,
610 303 677 345 79.

543 356 800 411 Temporibus,
833 356 1012 415 J'usline9
1043 362 1139 410 tuis,
1161 361 1569 417 spesurbis&orbis,

537 413 703 454 Romani
717 416 838 469 jubar
861 417 1026 470 inperii,
1063 419 1186 461 decus
1209 421 1341 462 addite
1365 423 1504 463 cunetis

538 469 660 512 Retro
684 473 928 525 principibus.

314 537 384 631 Ἡ
411 534 518 631 ἱοᾶε
555 538 727 579 correxit
762 536 952 579 Barthius
987 540 1153 582 Advers.
1192 541 1287 590 LV,
1331 555 1391 583 11.
1429 557 1468 599 p.
1515 547 1638 598 2581.
1683 544 1833 590 Statius

389 603 408 630 e
441 622 450 630 .
488 605 522 640 1,
556 605 620 632 22.

546 659 671 714 Tuque
699 675 717 703 o
746 662 891 704 Latiae
919 664 1040 705 decus
1069 664 1202 706 addite
1222 664 1372 720 famae.

326 730 514 786 Virgilius
542 735 645 773 Aen.
676 745 772 781 vm,
805 747 899 785 301.

543 801 661 843 Salve
677 830 690 850 ‚
727 815 824 843 vera
853 802 976 859 Jovis
992 803 1144 858 proleS,
1181 805 1303 848 decus
1327 806 1460 849 addite
1481 808 1613 850 Divis.

323 876 392 915 ubi
409 887 448 913 v.
469 872 518 929 J.
537 873 590 914 L.
609 873 652 915 de
668 875 706 914 la
726 874 860 915 Cera'a.
920 877 1056 919 Verba
1072 888 1205 921 autem
1220 883 1436 932 permutari
1454 876 1574 921 doc'et
1596 881 1838 921 Burmannus

323 931 372 970 ad
397 929 564 970 Phaedr.
591 932 624 978 Ι,
648 944 734 978 xw,
765 945 826 982 13.
872 933 1053 978 Eandem
1077 948 1175 976 vero
1193 937 1430 978 medicinam
1446 937 1546 977 fecit
1563 936 1620 978 N.
1637 937 1837 991 Heinfius‚

326 988 498 1027 criticus
516 988 780 1028 nobilissimus
798 998 916 1040 atque
932 993 1119 1043 optimus.
1165 993 1375 1034 Praeterea
1389 994 1598 1048 Livinejus
1614 996 1667 1034 ita
1682 994 1842 1035 versum

323 1042 481 1096 profert
504 1043 553 1082 ad
579 1043 717 1083 Catall.
745 1056 839 1092 LXV,
872 1058 903 1084 1.
964 1047 1154 1100 Denique
1180 1049 1450 1102 conjeeturam
1473 1050 1603 1091 firmat
1628 1051 1666 1093 &
1695 1052 1840 1105 probet

330 1098 377 1139 V
371 1099 450 1151 ossii
473 1100 572 1139 liber
587 1127 599 1146 ‚
638 1102 679 1140 in
702 1113 782 1151 quo
805 1104 1000 1155 reperitur
1015 1132 1029 1151 ‚
1066 1104 1186 1146 adita.

382 1155 462 1195 Sed
485 1155 618 1195 taedet
640 1158 680 1195 in
703 1159 833 1209 parvis
857 1161 1001 1202 morari
1017 1188 1030 1212 ‚
1068 1174 1159 1205 cum
1183 1172 1244 1205 tot
1258 1175 1397 1219 magna
1412 1164 1557 1206 menda
1572 1176 1731 1208 carmen
1746 1176 1841 1206 con-

331 1213 454 1253 tineat
471 1238 483 1259 ‚
520 1221 566 1253 ut
588 1225 627 1255 v,
656 1223 749 1266 295.

1216 1280 1274 1320 hic
1299 1277 1349 1326 ἐξ
1372 1287 1526 1333 uterque

551 1327 748 1370 Aeacides.
781 1328 915 1372 Peleus
941 1345 1095 1387 namque
1124 1332 1175 1380 &³
1209 1335 1422 1376 Telamonia
1450 1337 1580 1375 virtus

553 1383 635 1425 Per
654 1385 793 1439 fi’cura
816 1390 945 1440 patris
973 1390 1169 1430 laetantur
1196 1393 1370 1439 munina,
1401 1404 1556 1446 quorum

556 1441 755 1483 Connubiis
789 1444 941 1493 Venus,
979 1445 1030 1492 &⁹
1058 1448 1187 1487 virtus
1216 1449 1384 1503 injunxit
1413 1449 1596 1489 honorem.

552 1496 670 1538 Hunc
698 1502 830 1552 rapuit
857 1502 994 1543 serva:
1030 1503 1086 1543 ast
1114 1504 1219 1543 illum
1249 1503 1389 1544 Nereis
1417 1505 1579 1544 amavit.

330 1574 385 1612 ita
407 1570 568 1622 quidem
591 1570 763 1627 Scaliger
785 1575 930 1624 edidit,
967 1587 1243 1618 verumtamen
1259 1576 1410 1631 feritas
1433 1578 1671 1631 approbavit
1685 1604 1699 1625 ‚
1737 1577 1846 1629 quod

330 1630 373 1670 in
401 1629 575 1681 margine
592 1656 605 1676 ,
649 1630 688 1670 &
723 1632 826 1672 libro
867 1632 988 1686 Vosfii
1028 1636 1237 1687 reperitur.
1324 1635 1545 1675 Audiamus
1588 1644 1847 1688 argumenta:

333 1713 361 1733 ,‚
394 1684 501 1738 Quia
516 1684 594 1724 fuit
609 1681 713 1733 οἴγριόσ
735 1702 779 1724 τις
795 1711 807 1731 ,
840 1700 1053 1742 propterea
1068 1692 1139 1743 ipfi
1162 1691 1265 1731 favit
1287 1690 1449 1737 Virtus,
1479 1692 1580 1731 ficut
1602 1699 1742 1730 contra
1763 1690 1847 1730 Ve-

333 1768 363 1790 ,‚
394 1753 468 1781 nus
492 1741 614 1781 Peleo
631 1769 644 1789 ‚
681 1743 749 1793 qui
787 1744 972 1790 οἱπεθῖγμων
1007 1746 1108 1795 fuit,
1145 1757 1190 1788 ut
1213 1759 1379 1788 uxorem
1403 1747 1619 1788 Thetidem
1642 1747 1846 1788 meruerit.

332 1825 362 1846 ,‚
395 1798 529 1850 Quare
557 1799 820 1850 inprudenter
842 1802 957 1842 nimis
982 1801 1081 1844 fecit
1104 1805 1192 1851 ille,
1231 1806 1299 1855 qui
1323 1816 1450 1856 nuper
1472 1803 1616 1843 edidit:
1647 1803 1773 1844 Hunc
1788 1815 1846 1844 ra·

334 1882 363 1903 „
393 1855 481 1906 puit
498 1852 632 1906 serva.
671 1855 709 1894 &
731 1868 924 1905 quaenam
947 1858 1026 1898 fuit
1049 1861 1115 1899 illa
1136 1861 1276 1900 serva?
1311 1861 1414 1900 Non
1430 1860 1638 1900 Hessonen
1653 1868 1788 1911 putat,
1817 1859 1849 1900 fi

335 1938 364 1959 ‚,
395 1911 504 1961 sapit.
572 1912 630 1950 At
661 1911 826 1961 Ajacem
856 1912 980 1954 filium
1011 1917 1141 1967 rapuit
1171 1916 1381 1956 Tecmessa
1410 1916 1562 1957 ancilla.
1630 1915 1709 1956 Sed
1731 1927 1851 1967 quam

334 1994 364 2015 ‚‚
396 1965 584 2007 Homerus
599 1967 705 2011 ἠνορέην
721 1977 861 2015 vocat,
885 1967 1090 2021 feritatem
1111 1971 1300 2024 Wrgilias
1314 1974 1458 2021 vertit,
1488 1972 1587 2013 ut&
1602 1974 1722 2025 paulo
1738 1971 1848 2024 post:

336 2051 365 2072 ‚,
397 2030 511 2063 torva
528 2022 686 2063 feritate
703 2022 874 2077 repulsos.
934 2026 1047 2081 Ego,
1073 2038 1266 2079 quatenus
1284 2030 1334 2070 de
1351 2029 1622 2077 correbtione,
1652 2028 1769 2069 IIunc
1784 2041 1850 2068 ra-

332 2078 576 2133 pnitsewa,
609 2079 781 2130 judicat,
821 2082 856 2120 ei
879 2084 1036 2134 prorsus
1060 2086 1267 2128 assentior:
1299 2087 1348 2126 de
1363 2088 1491 2127 veteri
1508 2084 1703 2135 lectione,
1733 2084 1851 2127 Hunc

336 2138 467 2189 rapuit
483 2133 632 2190 feritas
648 2163 660 2184 ‚
699 2137 741 2176 in
765 2137 840 2177 alia
862 2141 996 2182 omnia
1021 2142 1186 2184 transeo.
1248 2143 1412 2198 Quippe
1436 2156 1526 2184 cum
1543 2144 1676 2185 verbis
1693 2171 1706 2191 ‚

1436 2230 1566 2258 uorum

564 2265 764 2309 connubiis
790 2269 916 2311 Venus
932 2300 944 2319 ,
982 2268 1032 2318 &⁹
1055 2273 1184 2313 virtus
1207 2274 1375 2328 injunxit
1399 2229 1590 2321 ffanorem,

335 2346 420 2382 non
448 2335 498 2379 de
526 2337 637 2381 Pelei
664 2341 786 2395 magis
814 2343 962 2397 nuptiis
980 2371 993 2394 ,
1038 2357 1155 2398 quam
1185 2345 1414 2389 Telamonis
1449 2346 1714 2402 praedicctur‚
1751 2357 1852 2386 uxor
1909 2361 1914 2366 ·

1719 2411 1854 2444 autem
