<?xml version="1.0" encoding="UTF-8"?>
<!DOCTYPE html PUBLIC "-//W3C//DTD XHTML 1.0 Transitional//EN"
    "http://www.w3.org/TR/xhtml1/DTD/xhtml1-transitional.dtd">
<html xmlns="http://www.w3.org/1999/xhtml" xml:lang="en" lang="en">
 <head>
  <title>
</title>
<meta http-equiv="Content-Type" content="text/html;charset=utf-8" />
  <meta name='ocr-system' content='tesseract 3.04.00' />
  <meta name='ocr-capabilities' content='ocr_page ocr_carea ocr_par ocr_line ocrx_word'/>
</head>
<body>
  <div class='ocr_page' id='page_1' title='image "./joschraderiliber00schruoft_0274.png"; bbox 0 0 2070 2740; ppageno 0'>
   <div class='ocr_carea' id='block_1_1' title="bbox 313 126 1629 185">
    <p class='ocr_par' dir='ltr' id='par_1_1' title="bbox 313 126 1629 185">
     <span class='ocr_line' id='line_1_1' title="bbox 313 126 1629 185; baseline -0.004 -9"><span class='ocrx_word' id='word_1_1' title='bbox 313 137 389 185; x_wconf 83' lang='lat'><em>198</em></span> <span class='ocrx_word' id='word_1_2' title='bbox 530 126 1629 176; x_wconf 84' lang='lat' dir='ltr'>EMENDATIONVM</span> 
     </span>
    </p>
   </div>
   <div class='ocr_carea' id='block_1_2' title="bbox 534 231 1505 290">
    <p class='ocr_par' dir='ltr' id='par_1_2' title="bbox 534 231 1505 290">
     <span class='ocr_line' id='line_1_2' title="bbox 534 231 1505 290; baseline -0.004 -12"><span class='ocrx_word' id='word_1_3' title='bbox 534 236 719 281; x_wconf 86' lang='lat' dir='ltr'>Cornua,</span> <span class='ocrx_word' id='word_1_4' title='bbox 744 235 969 290; x_wconf 82' lang='lat' dir='ltr'><em>pertimuit,</em></span> <span class='ocrx_word' id='word_1_5' title='bbox 991 234 1105 288; x_wconf 78' lang='lat' dir='ltr'><em>seque</em></span> <span class='ocrx_word' id='word_1_6' title='bbox 1123 241 1326 275; x_wconf 82' lang='lat' dir='ltr'><em>externata</em></span> <span class='ocrx_word' id='word_1_7' title='bbox 1345 231 1505 287; x_wconf 82' lang='lat' dir='ltr'><em>refugit.</em></span> 
     </span>
    </p>
   </div>
   <div class='ocr_carea' id='block_1_3' title="bbox 310 329 970 381">
    <p class='ocr_par' dir='ltr' id='par_1_3' title="bbox 310 329 970 381">
     <span class='ocr_line' id='line_1_3' title="bbox 310 329 970 381; baseline -0.006 -8"><span class='ocrx_word' id='word_1_8' title='bbox 310 331 350 373; x_wconf 74' lang='grc' dir='ltr'><em>δι</em></span> <span class='ocrx_word' id='word_1_9' title='bbox 365 330 535 374; x_wconf 84' lang='lat' dir='ltr'>Hero&#39;1‘d.</span> <span class='ocrx_word' id='word_1_10' title='bbox 556 343 643 379; x_wconf 86' lang='lat' dir='ltr'>x1v,</span> <span class='ocrx_word' id='word_1_11' title='bbox 663 332 728 381; x_wconf 90' lang='lat'><em>89.</em></span> <span class='ocrx_word' id='word_1_12' title='bbox 746 329 796 371; x_wconf 87' lang='lat' dir='ltr'><em>de</em></span> <span class='ocrx_word' id='word_1_13' title='bbox 813 329 970 370; x_wconf 84' lang='lat' dir='ltr'><em>eadem:</em></span> 
     </span>
    </p>
   </div>
   <div class='ocr_carea' id='block_1_4' title="bbox 537 433 1483 660">
    <p class='ocr_par' dir='ltr' id='par_1_4' title="bbox 538 433 1483 543">
     <span class='ocr_line' id='line_1_4' title="bbox 538 433 1480 491; baseline -0.005 -12"><span class='ocrx_word' id='word_1_14' title='bbox 538 434 708 491; x_wconf 80' lang='lat' dir='ltr'><em>Adstitit</em></span> <span class='ocrx_word' id='word_1_15' title='bbox 727 436 766 476; x_wconf 84' lang='lat' dir='ltr'><em>iu</em></span> <span class='ocrx_word' id='word_1_16' title='bbox 787 437 874 488; x_wconf 84' lang='lat' dir='ltr'><em>ripa</em></span> <span class='ocrx_word' id='word_1_17' title='bbox 892 433 1026 489; x_wconf 75' lang='lat' dir='ltr'><em>liquidi</em></span> <span class='ocrx_word' id='word_1_18' title='bbox 1042 447 1141 475; x_wconf 77' lang='lat' dir='ltr'><em>nova</em></span> <span class='ocrx_word' id='word_1_19' title='bbox 1157 446 1274 474; x_wconf 78' lang='lat' dir='ltr'><em>vacca</em></span> <span class='ocrx_word' id='word_1_20' title='bbox 1288 435 1480 486; x_wconf 83' lang='lat' dir='ltr'><em>parentis,</em></span> 
     </span>
     <span class='ocr_line' id='line_1_5' title="bbox 591 490 1483 543; baseline -0.002 -10"><span class='ocrx_word' id='word_1_21' title='bbox 591 495 830 542; x_wconf 84' lang='lat' dir='ltr'>Cornuaque</span> <span class='ocrx_word' id='word_1_22' title='bbox 847 493 887 530; x_wconf 90' lang='lat' dir='ltr'><em>in</em></span> <span class='ocrx_word' id='word_1_23' title='bbox 903 491 1039 543; x_wconf 85' lang='lat' dir='ltr'><em>patriis</em></span> <span class='ocrx_word' id='word_1_24' title='bbox 1059 503 1142 531; x_wconf 85' lang='lat' dir='ltr'><em>non</em></span> <span class='ocrx_word' id='word_1_25' title='bbox 1161 490 1226 530; x_wconf 86' lang='lat' dir='ltr'><em>sua</em></span> <span class='ocrx_word' id='word_1_26' title='bbox 1244 491 1345 531; x_wconf 85' lang='lat' dir='ltr'><em>vidit</em></span> <span class='ocrx_word' id='word_1_27' title='bbox 1361 493 1483 542; x_wconf 81' lang='lat' dir='ltr'><em>aquis.</em></span> 
     </span>
    </p>

    <p class='ocr_par' dir='ltr' id='par_1_5' title="bbox 537 544 1440 660">
     <span class='ocr_line' id='line_1_6' title="bbox 537 544 1291 602; baseline -0.004 -13"><span class='ocrx_word' id='word_1_28' title='bbox 537 549 742 602; x_wconf 81' lang='lat' dir='ltr'><em>Conatoque</em></span> <span class='ocrx_word' id='word_1_29' title='bbox 763 549 869 601; x_wconf 81' lang='lat' dir='ltr'><em>queri</em></span> <span class='ocrx_word' id='word_1_30' title='bbox 888 549 1050 599; x_wconf 80' lang='lat' dir='ltr'><em>mugitus</em></span> <span class='ocrx_word' id='word_1_31' title='bbox 1069 544 1187 587; x_wconf 80' lang='lat' dir='ltr'><em>edidit</em></span> <span class='ocrx_word' id='word_1_32' title='bbox 1207 559 1291 593; x_wconf 89' lang='lat' dir='ltr'><em>ore,</em></span> 
     </span>
     <span class='ocr_line' id='line_1_7' title="bbox 593 600 1440 660; baseline -0.005 -14"><span class='ocrx_word' id='word_1_33' title='bbox 593 605 816 658; x_wconf 78' lang='lat' dir='ltr'><em>Territaque</em></span> <span class='ocrx_word' id='word_1_34' title='bbox 833 602 881 660; x_wconf 86' lang='lat' dir='ltr'><em>est</em></span> <span class='ocrx_word' id='word_1_35' title='bbox 894 602 1052 657; x_wconf 78' lang='lat' dir='ltr'><em>formu,</em></span> <span class='ocrx_word' id='word_1_36' title='bbox 1090 604 1230 644; x_wconf 85' lang='lat' dir='ltr'><em>territa</em></span> <span class='ocrx_word' id='word_1_37' title='bbox 1248 615 1335 644; x_wconf 86' lang='lat' dir='ltr'><em>voce</em></span> <span class='ocrx_word' id='word_1_38' title='bbox 1344 600 1440 656; x_wconf 84' lang='lat' dir='ltr'><em>sua:</em></span> 
     </span>
    </p>
   </div>
   <div class='ocr_carea' id='block_1_5' title="bbox 309 699 899 753">
    <p class='ocr_par' dir='ltr' id='par_1_6' title="bbox 309 699 899 753">
     <span class='ocr_line' id='line_1_8' title="bbox 309 699 899 753; baseline -0.005 -11"><span class='ocrx_word' id='word_1_39' title='bbox 309 700 476 743; x_wconf 83' lang='lat' dir='ltr'><em>Metam.</em></span> <span class='ocrx_word' id='word_1_40' title='bbox 494 713 564 749; x_wconf 78' lang='lat' dir='ltr'><em>xv,</em></span> <span class='ocrx_word' id='word_1_41' title='bbox 585 703 678 752; x_wconf 80' lang='lat'><strong>565.</strong></span> <span class='ocrx_word' id='word_1_42' title='bbox 704 701 755 741; x_wconf 87' lang='lat' dir='ltr'><em>de</em></span> <span class='ocrx_word' id='word_1_43' title='bbox 774 699 899 753; x_wconf 83' lang='lat' dir='ltr'>Cipo:</span> 
     </span>
    </p>
   </div>
   <div class='ocr_carea' id='block_1_6' title="bbox 530 789 1652 1021">
    <p class='ocr_par' dir='ltr' id='par_1_7' title="bbox 534 789 1458 843">
     <span class='ocr_line' id='line_1_9' title="bbox 534 789 1458 843; baseline -0.006 -7"><span class='ocrx_word' id='word_1_44' title='bbox 534 796 620 836; x_wconf 88' lang='lat' dir='ltr'><em>Aut</em></span> <span class='ocrx_word' id='word_1_45' title='bbox 635 796 700 835; x_wconf 84' lang='lat' dir='ltr'><em>sua</em></span> <span class='ocrx_word' id='word_1_46' title='bbox 715 794 902 834; x_wconf 83' lang='lat' dir='ltr'><em>fluminea</em></span> <span class='ocrx_word' id='word_1_47' title='bbox 919 804 1010 832; x_wconf 89' lang='lat' dir='ltr'><em>cum</em></span> <span class='ocrx_word' id='word_1_48' title='bbox 1027 791 1129 833; x_wconf 87' lang='lat' dir='ltr'><em>vidit</em></span> <span class='ocrx_word' id='word_1_49' title='bbox 1143 791 1266 843; x_wconf 83' lang='lat' dir='ltr'><strong>Cipus</strong></span> <span class='ocrx_word' id='word_1_50' title='bbox 1293 791 1333 832; x_wconf 89' lang='lat' dir='ltr'><em>in</em></span> <span class='ocrx_word' id='word_1_51' title='bbox 1350 789 1458 830; x_wconf 80' lang='lat' dir='ltr'>unda</span> 
     </span>
    </p>

    <p class='ocr_par' dir='ltr' id='par_1_8' title="bbox 530 845 1652 962">
     <span class='ocr_line' id='line_1_10' title="bbox 530 845 1652 903; baseline -0.007 -10"><span class='ocrx_word' id='word_1_52' title='bbox 530 852 689 892; x_wconf 85' lang='lat' dir='ltr'>Cornua</span> <span class='ocrx_word' id='word_1_53' title='bbox 704 879 716 898; x_wconf 85' lang='lat'>‚</span> <span class='ocrx_word' id='word_1_54' title='bbox 747 850 877 903; x_wconf 76' lang='lat' dir='ltr'><em>(vidit</em></span> <span class='ocrx_word' id='word_1_55' title='bbox 893 848 1024 902; x_wconf 76' lang='lat' dir='ltr'><em>enim)</em></span> <span class='ocrx_word' id='word_1_56' title='bbox 1034 847 1251 902; x_wconf 79' lang='lat' dir='ltr'><em>falsumque</em></span> <span class='ocrx_word' id='word_1_57' title='bbox 1274 848 1311 888; x_wconf 80' lang='lat' dir='ltr'><em>in</em></span> <span class='ocrx_word' id='word_1_58' title='bbox 1327 848 1487 900; x_wconf 81' lang='lat' dir='ltr'><em>imagine</em></span> <span class='ocrx_word' id='word_1_59' title='bbox 1507 845 1652 888; x_wconf 79' lang='lat' dir='ltr'><em>credens</em></span> 
     </span>
     <span class='ocr_line' id='line_1_11' title="bbox 536 903 1473 962; baseline -0.004 -14"><span class='ocrx_word' id='word_1_60' title='bbox 536 906 625 962; x_wconf 84' lang='lat' dir='ltr'><em>Effe</em></span> <span class='ocrx_word' id='word_1_61' title='bbox 636 906 751 962; x_wconf 82' lang='lat' dir='ltr'><em>fidem</em></span> <span class='ocrx_word' id='word_1_62' title='bbox 764 934 776 953; x_wconf 88' lang='lat'>,</span> <span class='ocrx_word' id='word_1_63' title='bbox 807 905 934 959; x_wconf 82' lang='lat' dir='ltr'><em>digitis</em></span> <span class='ocrx_word' id='word_1_64' title='bbox 952 904 1005 946; x_wconf 83' lang='lat' dir='ltr'><em>ad</em></span> <span class='ocrx_word' id='word_1_65' title='bbox 1010 904 1182 959; x_wconf 75' lang='lat' dir='ltr'><em>frontem</em></span> <span class='ocrx_word' id='word_1_66' title='bbox 1189 903 1301 959; x_wconf 79' lang='lat' dir='ltr'><em>saepe</em></span> <span class='ocrx_word' id='word_1_67' title='bbox 1319 905 1473 952; x_wconf 84' lang='lat' dir='ltr'><em>relatis,</em></span> 
     </span>
    </p>

    <p class='ocr_par' dir='ltr' id='par_1_9' title="bbox 535 963 967 1021">
     <span class='ocr_line' id='line_1_12' title="bbox 535 963 967 1021; baseline -0.005 -18"><span class='ocrx_word' id='word_1_68' title='bbox 535 963 646 1021; x_wconf 48' lang='lat' dir='ltr'><em>‘Quae</em></span> <span class='ocrx_word' id='word_1_69' title='bbox 671 963 797 1011; x_wconf 81' lang='lat' dir='ltr'><em>vidit,</em></span> <span class='ocrx_word' id='word_1_70' title='bbox 828 963 967 1015; x_wconf 83' lang='lat' dir='ltr'><em>tetigit.</em></span> 
     </span>
    </p>
   </div>
   <div class='ocr_carea' id='block_1_7' title="bbox 313 1056 803 1108">
    <p class='ocr_par' dir='ltr' id='par_1_10' title="bbox 313 1056 803 1108">
     <span class='ocr_line' id='line_1_13' title="bbox 313 1056 803 1108; baseline 0 -10"><span class='ocrx_word' id='word_1_71' title='bbox 313 1056 352 1099; x_wconf 88' lang='lat'>&amp;</span> <span class='ocrx_word' id='word_1_72' title='bbox 381 1057 429 1098; x_wconf 88' lang='lat' dir='ltr'><em>de</em></span> <span class='ocrx_word' id='word_1_73' title='bbox 455 1057 617 1099; x_wconf 86' lang='lat' dir='ltr'>Milone</span> <span class='ocrx_word' id='word_1_74' title='bbox 638 1071 679 1107; x_wconf 77' lang='lat' dir='ltr'><em>v.</em></span> <span class='ocrx_word' id='word_1_75' title='bbox 708 1070 803 1108; x_wconf 85' lang='lat'><strong>229.</strong></span> 
     </span>
    </p>
   </div>
   <div class='ocr_carea' id='block_1_8' title="bbox 534 1151 1608 1262">
    <p class='ocr_par' dir='ltr' id='par_1_11' title="bbox 534 1151 1608 1262">
     <span class='ocr_line' id='line_1_14' title="bbox 711 1151 1608 1206; baseline -0.003 -13"><span class='ocrx_word' id='word_1_76' title='bbox 711 1152 853 1206; x_wconf 85' lang='lat' dir='ltr'><em>fletque</em></span> <span class='ocrx_word' id='word_1_77' title='bbox 869 1151 990 1193; x_wconf 57' lang='lat' dir='ltr'><em>Milon</em></span> <span class='ocrx_word' id='word_1_78' title='bbox 999 1151 1149 1205; x_wconf 71' lang='lat' dir='ltr'><em>senior,</em></span> <span class='ocrx_word' id='word_1_79' title='bbox 1183 1151 1418 1205; x_wconf 69' lang='lat' dir='ltr'><em>cumspet&#39;tat</em></span> <span class='ocrx_word' id='word_1_80' title='bbox 1434 1153 1475 1192; x_wconf 93' lang='lat' dir='ltr'><em>in</em></span> <span class='ocrx_word' id='word_1_81' title='bbox 1493 1162 1608 1191; x_wconf 82' lang='lat' dir='ltr'><em>amne</em></span> 
     </span>
     <span class='ocr_line' id='line_1_15' title="bbox 534 1206 1422 1262; baseline -0.002 -12"><span class='ocrx_word' id='word_1_82' title='bbox 534 1209 642 1258; x_wconf 79' lang='lat' dir='ltr'><em>Illos,</em></span> <span class='ocrx_word' id='word_1_83' title='bbox 673 1210 738 1262; x_wconf 86' lang='lat' dir='ltr'><em>qui</em></span> <span class='ocrx_word' id='word_1_84' title='bbox 747 1207 914 1262; x_wconf 85' lang='lat' dir='ltr'><em>fueraut</em></span> <span class='ocrx_word' id='word_1_85' title='bbox 920 1206 1125 1262; x_wconf 77' lang='lat' dir='ltr'><em>sbiidorum</em></span> <span class='ocrx_word' id='word_1_86' title='bbox 1151 1209 1236 1248; x_wconf 83' lang='lat' dir='ltr'><em>mole</em></span> <span class='ocrx_word' id='word_1_87' title='bbox 1255 1216 1422 1249; x_wconf 86' lang='lat' dir='ltr'><em>tororum</em></span> 
     </span>
    </p>
   </div>
   <div class='ocr_carea' id='block_1_9' title="bbox 532 1263 1425 1318">
    <p class='ocr_par' dir='ltr' id='par_1_12' title="bbox 532 1263 1425 1318">
     <span class='ocr_line' id='line_1_16' title="bbox 532 1263 1425 1318; baseline -0.003 -12"><span class='ocrx_word' id='word_1_88' title='bbox 532 1266 732 1306; x_wconf 79' lang='lat' dir='ltr'><em>Herculeis</em></span> <span class='ocrx_word' id='word_1_89' title='bbox 748 1264 907 1318; x_wconf 81' lang='lat' dir='ltr'><em>similes,</em></span> <span class='ocrx_word' id='word_1_90' title='bbox 931 1263 1071 1318; x_wconf 82' lang='lat' dir='ltr'><em>fluidos</em></span> <span class='ocrx_word' id='word_1_91' title='bbox 1081 1264 1242 1318; x_wconf 76' lang='lat' dir='ltr'><em>pendere</em></span> <span class='ocrx_word' id='word_1_92' title='bbox 1257 1265 1425 1304; x_wconf 80' lang='lat' dir='ltr'><em>lacertos.</em></span> 
     </span>
    </p>
   </div>
   <div class='ocr_carea' id='block_1_10' title="bbox 311 1355 1822 1526">
    <p class='ocr_par' dir='ltr' id='par_1_13' title="bbox 311 1355 1822 1526">
     <span class='ocr_line' id='line_1_17' title="bbox 311 1355 1822 1414; baseline -0.003 -12"><span class='ocrx_word' id='word_1_93' title='bbox 311 1362 371 1402; x_wconf 88' lang='lat' dir='ltr'><em>uti</em></span> <span class='ocrx_word' id='word_1_94' title='bbox 397 1359 446 1414; x_wconf 76' lang='lat' dir='ltr'><em>J.</em></span> <span class='ocrx_word' id='word_1_95' title='bbox 472 1358 516 1399; x_wconf 89' lang='lat' dir='ltr'><em>F.</em></span> <span class='ocrx_word' id='word_1_96' title='bbox 549 1359 760 1401; x_wconf 71' lang='lat' dir='ltr'><em>Gronovius</em></span> <span class='ocrx_word' id='word_1_97' title='bbox 787 1360 1008 1412; x_wconf 84' lang='lat' dir='ltr'><em>corrigebat</em></span> <span class='ocrx_word' id='word_1_98' title='bbox 1025 1387 1038 1406; x_wconf 86' lang='lat'><strong>‚</strong></span> <span class='ocrx_word' id='word_1_99' title='bbox 1076 1371 1150 1412; x_wconf 80' lang='lat' dir='ltr'><em>pro</em></span> <span class='ocrx_word' id='word_1_100' title='bbox 1170 1386 1182 1405; x_wconf 86' lang='lat'><strong>‚</strong></span> <span class='ocrx_word' id='word_1_101' title='bbox 1220 1360 1370 1405; x_wconf 68' lang='lat' dir='ltr'><em>memes,-</em></span> <span class='ocrx_word' id='word_1_102' title='bbox 1408 1356 1473 1398; x_wconf 83' lang='lat' dir='ltr'><em>sed</em></span> <span class='ocrx_word' id='word_1_103' title='bbox 1498 1356 1722 1398; x_wconf 85' lang='lat' dir='ltr'><em>infeliciter.</em></span> <span class='ocrx_word' id='word_1_104' title='bbox 1761 1355 1822 1397; x_wconf 84' lang='lat' dir='ltr'><em>Ut</em></span> 
     </span>
     <span class='ocr_line' id='line_1_18' title="bbox 313 1413 1821 1468; baseline -0.003 -10"><span class='ocrx_word' id='word_1_105' title='bbox 313 1419 419 1458; x_wconf 89' lang='lat' dir='ltr'><em>enim</em></span> <span class='ocrx_word' id='word_1_106' title='bbox 438 1418 603 1467; x_wconf 82' lang='lat' dir='ltr'><em>quisque</em></span> <span class='ocrx_word' id='word_1_107' title='bbox 628 1419 786 1456; x_wconf 84' lang='lat' dir='ltr'>vultum</span> <span class='ocrx_word' id='word_1_108' title='bbox 810 1415 922 1456; x_wconf 86' lang='lat' dir='ltr'><em>suum</em></span> <span class='ocrx_word' id='word_1_109' title='bbox 948 1416 1080 1455; x_wconf 87' lang='lat' dir='ltr'><em>videat</em></span> <span class='ocrx_word' id='word_1_110' title='bbox 1097 1417 1135 1455; x_wconf 89' lang='lat' dir='ltr'><em>in</em></span> <span class='ocrx_word' id='word_1_111' title='bbox 1154 1427 1292 1462; x_wconf 83' lang='lat' dir='ltr'><em>amne,</em></span> <span class='ocrx_word' id='word_1_112' title='bbox 1326 1415 1462 1461; x_wconf 88' lang='lat' dir='ltr'>fonte,</span> <span class='ocrx_word' id='word_1_113' title='bbox 1487 1414 1668 1468; x_wconf 86' lang='lat' dir='ltr'>speculo;</span> <span class='ocrx_word' id='word_1_114' title='bbox 1698 1413 1751 1453; x_wconf 84' lang='lat' dir='ltr'><em>fic</em></span> <span class='ocrx_word' id='word_1_115' title='bbox 1766 1413 1821 1453; x_wconf 86' lang='lat' dir='ltr'><em>la-</em></span> 
     </span>
     <span class='ocr_line' id='line_1_19' title="bbox 313 1469 1821 1526; baseline -0.003 -12"><span class='ocrx_word' id='word_1_116' title='bbox 313 1481 452 1519; x_wconf 83' lang='lat' dir='ltr'><em>certos,</em></span> <span class='ocrx_word' id='word_1_117' title='bbox 486 1473 612 1512; x_wconf 85' lang='lat' dir='ltr'><em>oculis</em></span> <span class='ocrx_word' id='word_1_118' title='bbox 642 1481 845 1524; x_wconf 80' lang='lat' dir='ltr'><em>patentes,</em></span> <span class='ocrx_word' id='word_1_119' title='bbox 877 1473 917 1511; x_wconf 77' lang='lat' dir='ltr'><em>iu</em></span> <span class='ocrx_word' id='word_1_120' title='bbox 939 1484 1044 1511; x_wconf 78' lang='lat' dir='ltr'><em>amne</em></span> <span class='ocrx_word' id='word_1_121' title='bbox 1056 1470 1230 1526; x_wconf 66' lang='lat' dir='ltr'><em>speetare</em></span> <span class='ocrx_word' id='word_1_122' title='bbox 1248 1484 1330 1512; x_wconf 91' lang='lat' dir='ltr'><em>non</em></span> <span class='ocrx_word' id='word_1_123' title='bbox 1347 1469 1500 1512; x_wconf 83' lang='lat' dir='ltr'><em>necesse</em></span> <span class='ocrx_word' id='word_1_124' title='bbox 1517 1470 1584 1511; x_wconf 87' lang='lat' dir='ltr'><em>est.</em></span> <span class='ocrx_word' id='word_1_125' title='bbox 1644 1470 1821 1510; x_wconf 85' lang='lat' dir='ltr'><em>Praeter-</em></span> 
     </span>
    </p>
   </div>
   <div class='ocr_carea' id='block_1_11' title="bbox 314 1526 1822 1639">
    <p class='ocr_par' dir='ltr' id='par_1_14' title="bbox 314 1526 1822 1639">
     <span class='ocr_line' id='line_1_20' title="bbox 314 1526 1822 1581; baseline -0.001 -12"><span class='ocrx_word' id='word_1_126' title='bbox 314 1541 360 1569; x_wconf 87' lang='lat' dir='ltr'><em>ea</em></span> <span class='ocrx_word' id='word_1_127' title='bbox 384 1538 523 1569; x_wconf 83' lang='lat' dir='ltr'>contra</span> <span class='ocrx_word' id='word_1_128' title='bbox 546 1527 604 1568; x_wconf 72' lang='lat' dir='ltr'><em>sN.</em></span> <span class='ocrx_word' id='word_1_129' title='bbox 630 1527 824 1580; x_wconf 73' lang='lat' dir='ltr'><em>Heiizsium</em></span> <span class='ocrx_word' id='word_1_130' title='bbox 849 1527 1006 1568; x_wconf 84' lang='lat' dir='ltr'><em>Senecae</em></span> <span class='ocrx_word' id='word_1_131' title='bbox 1023 1530 1135 1568; x_wconf 84' lang='lat' dir='ltr'>locus</span> <span class='ocrx_word' id='word_1_132' title='bbox 1152 1527 1233 1575; x_wconf 82' lang='lat' dir='ltr'><em>est,</em></span> <span class='ocrx_word' id='word_1_133' title='bbox 1267 1526 1451 1568; x_wconf 84' lang='lat' dir='ltr'><em>Ovidium</em></span> <span class='ocrx_word' id='word_1_134' title='bbox 1466 1537 1571 1581; x_wconf 89' lang='lat' dir='ltr'><em>pene</em></span> <span class='ocrx_word' id='word_1_135' title='bbox 1588 1526 1635 1566; x_wconf 83' lang='lat' dir='ltr'><em>ad</em></span> <span class='ocrx_word' id='word_1_136' title='bbox 1652 1529 1822 1568; x_wconf 87' lang='lat' dir='ltr'><em>verbum</em></span> 
     </span>
     <span class='ocr_line' id='line_1_21' title="bbox 314 1584 862 1639; baseline -0.009 -12"><span class='ocrx_word' id='word_1_137' title='bbox 314 1586 567 1639; x_wconf 81' lang='lat' dir='ltr'><em>exprim-entis</em></span> <span class='ocrx_word' id='word_1_138' title='bbox 578 1611 590 1632; x_wconf 75' lang='lat'><em>2</em></span> <span class='ocrx_word' id='word_1_139' title='bbox 602 1584 747 1637; x_wconf 88' lang='lat' dir='ltr'><em>Oedip.</em></span> <span class='ocrx_word' id='word_1_140' title='bbox 768 1587 862 1634; x_wconf 87' lang='lat'><em>760.</em></span> 
     </span>
    </p>
   </div>
   <div class='ocr_carea' id='block_1_12' title="bbox 654 1674 1310 1785">
    <p class='ocr_par' dir='ltr' id='par_1_15' title="bbox 654 1674 1310 1785">
     <span class='ocr_line' id='line_1_22' title="bbox 657 1674 1253 1730; baseline -0.005 -11"><span class='ocrx_word' id='word_1_141' title='bbox 657 1677 782 1719; x_wconf 79' lang='lat' dir='ltr'><em>Donec</em></span> <span class='ocrx_word' id='word_1_142' title='bbox 798 1676 939 1730; x_wconf 81' lang='lat' dir='ltr'><em>placidi</em></span> <span class='ocrx_word' id='word_1_143' title='bbox 948 1674 1074 1729; x_wconf 86' lang='lat' dir='ltr'><em>fontis</em></span> <span class='ocrx_word' id='word_1_144' title='bbox 1092 1677 1131 1716; x_wconf 90' lang='lat' dir='ltr'><em>in</em></span> <span class='ocrx_word' id='word_1_145' title='bbox 1147 1675 1253 1717; x_wconf 88' lang='lat' dir='ltr'>unda</span> 
     </span>
     <span class='ocr_line' id='line_1_23' title="bbox 654 1732 1310 1785; baseline -0.002 -11"><span class='ocrx_word' id='word_1_146' title='bbox 654 1734 816 1775; x_wconf 82' lang='lat' dir='ltr'>Cornua</span> <span class='ocrx_word' id='word_1_147' title='bbox 830 1733 934 1774; x_wconf 86' lang='lat' dir='ltr'><em>vidit</em></span> <span class='ocrx_word' id='word_1_148' title='bbox 948 1735 1165 1785; x_wconf 87' lang='lat' dir='ltr'>vultusque</span> <span class='ocrx_word' id='word_1_149' title='bbox 1179 1732 1310 1774; x_wconf 86' lang='lat' dir='ltr'>feros:</span> 
     </span>
    </p>
   </div>
   <div class='ocr_carea' id='block_1_13' title="bbox 317 1827 1483 1978">
    <p class='ocr_par' dir='ltr' id='par_1_16' title="bbox 317 1827 1483 1978">
     <span class='ocr_line' id='line_1_24' title="bbox 317 1827 1172 1882; baseline -0.006 -10"><span class='ocrx_word' id='word_1_150' title='bbox 317 1840 396 1882; x_wconf 89' lang='lat' dir='ltr'><em>quo</em></span> <span class='ocrx_word' id='word_1_151' title='bbox 416 1829 602 1871; x_wconf 83' lang='lat' dir='ltr'><em>Gronovii</em></span> <span class='ocrx_word' id='word_1_152' title='bbox 617 1827 842 1881; x_wconf 67' lang='lat' dir='ltr'><em>conjeehua</em></span> <span class='ocrx_word' id='word_1_153' title='bbox 862 1827 1006 1869; x_wconf 83' lang='lat' dir='ltr'><em>firmari</em></span> <span class='ocrx_word' id='word_1_154' title='bbox 1023 1827 1172 1880; x_wconf 85' lang='lat' dir='ltr'>potest:</span> 
     </span>
     <span class='ocr_line' id='line_1_25' title="bbox 550 1920 1483 1978; baseline -0.002 -14"><span class='ocrx_word' id='word_1_155' title='bbox 550 1924 673 1978; x_wconf 78' lang='lat' dir='ltr'><em>thue</em></span> <span class='ocrx_word' id='word_1_156' title='bbox 688 1924 796 1965; x_wconf 83' lang='lat' dir='ltr'>feros</span> <span class='ocrx_word' id='word_1_157' title='bbox 812 1926 947 1965; x_wconf 86' lang='lat' dir='ltr'>vultus</span> <span class='ocrx_word' id='word_1_158' title='bbox 966 1922 1016 1970; x_wconf 71' lang='lat'><em>&amp;⁹</em></span> <span class='ocrx_word' id='word_1_159' title='bbox 1032 1935 1166 1964; x_wconf 77' lang='lat' dir='ltr'><em>cornua</em></span> <span class='ocrx_word' id='word_1_160' title='bbox 1182 1920 1284 1963; x_wconf 87' lang='lat' dir='ltr'><em>vidit</em></span> <span class='ocrx_word' id='word_1_161' title='bbox 1302 1922 1341 1963; x_wconf 84' lang='lat' dir='ltr'><em>in</em></span> <span class='ocrx_word' id='word_1_162' title='bbox 1365 1921 1483 1964; x_wconf 82' lang='lat' dir='ltr'><em>undis.</em></span> 
     </span>
    </p>
   </div>
   <div class='ocr_carea' id='block_1_14' title="bbox 320 2017 1820 2130">
    <p class='ocr_par' dir='ltr' id='par_1_17' title="bbox 320 2017 1820 2130">
     <span class='ocr_line' id='line_1_26' title="bbox 320 2017 1820 2072; baseline -0.002 -11"><span class='ocrx_word' id='word_1_163' title='bbox 320 2022 437 2062; x_wconf 86' lang='lat' dir='ltr'>Plura</span> <span class='ocrx_word' id='word_1_164' title='bbox 454 2022 638 2072; x_wconf 72' lang='lat' dir='ltr'><em>colligere</em></span> <span class='ocrx_word' id='word_1_165' title='bbox 659 2019 791 2060; x_wconf 85' lang='lat' dir='ltr'><em>taedet</em></span> <span class='ocrx_word' id='word_1_166' title='bbox 806 2029 1054 2072; x_wconf 86' lang='lat' dir='ltr'><em>argumenta,</em></span> <span class='ocrx_word' id='word_1_167' title='bbox 1067 2031 1157 2060; x_wconf 88' lang='lat' dir='ltr'><em>cum</em></span> <span class='ocrx_word' id='word_1_168' title='bbox 1179 2019 1335 2060; x_wconf 87' lang='lat' dir='ltr'><em>Criticis</em></span> <span class='ocrx_word' id='word_1_169' title='bbox 1351 2031 1474 2059; x_wconf 90' lang='lat' dir='ltr'><em>unum</em></span> <span class='ocrx_word' id='word_1_170' title='bbox 1489 2018 1577 2059; x_wconf 84' lang='lat' dir='ltr'><em>satis</em></span> <span class='ocrx_word' id='word_1_171' title='bbox 1595 2017 1671 2059; x_wconf 86' lang='lat' dir='ltr'><em>esse</em></span> <span class='ocrx_word' id='word_1_172' title='bbox 1686 2019 1820 2071; x_wconf 72' lang='lat' dir='ltr'><em>point,</em></span> 
     </span>
     <span class='ocr_line' id='line_1_27' title="bbox 321 2077 1107 2130; baseline -0.005 -12"><span class='ocrx_word' id='word_1_173' title='bbox 321 2077 446 2130; x_wconf 63' lang='lat' dir='ltr'><em>eje&lt;sto</em></span> <span class='ocrx_word' id='word_1_174' title='bbox 463 2078 556 2117; x_wconf 82' lang='lat' dir='ltr'><em>vers</em></span> <span class='ocrx_word' id='word_1_175' title='bbox 553 2091 575 2117; x_wconf 87' lang='lat' dir='ltr'>u</span> <span class='ocrx_word' id='word_1_176' title='bbox 593 2086 766 2117; x_wconf 85' lang='lat' dir='ltr'><em>caeteros</em></span> <span class='ocrx_word' id='word_1_177' title='bbox 783 2088 863 2115; x_wconf 86' lang='lat' dir='ltr'><em>non</em></span> <span class='ocrx_word' id='word_1_178' title='bbox 884 2077 1107 2116; x_wconf 81' lang='lat' dir='ltr'><em>cohaerere.</em></span> 
     </span>
    </p>
   </div>
   <div class='ocr_carea' id='block_1_15' title="bbox 377 2130 1822 2183">
    <p class='ocr_par' dir='ltr' id='par_1_18' title="bbox 377 2130 1822 2183">
     <span class='ocr_line' id='line_1_28' title="bbox 377 2130 1822 2183; baseline -0.002 -10"><span class='ocrx_word' id='word_1_179' title='bbox 377 2133 533 2173; x_wconf 83' lang='lat' dir='ltr'><em>Eodem</em></span> <span class='ocrx_word' id='word_1_180' title='bbox 550 2133 689 2173; x_wconf 51' lang='lat' dir='ltr'><em>&lt;ineius</em></span> <span class='ocrx_word' id='word_1_181' title='bbox 707 2142 936 2183; x_wconf 73' lang='lat' dir='ltr'><em>argumento</em></span> <span class='ocrx_word' id='word_1_182' title='bbox 953 2133 1019 2171; x_wconf 80' lang='lat' dir='ltr'><em>vix</em></span> <span class='ocrx_word' id='word_1_183' title='bbox 1038 2132 1200 2177; x_wconf 83' lang='lat' dir='ltr'>dubito,</span> <span class='ocrx_word' id='word_1_184' title='bbox 1231 2132 1325 2182; x_wconf 86' lang='lat' dir='ltr'><em>quin</em></span> <span class='ocrx_word' id='word_1_185' title='bbox 1343 2132 1473 2183; x_wconf 88' lang='lat' dir='ltr'><em>plures</em></span> <span class='ocrx_word' id='word_1_186' title='bbox 1490 2131 1645 2180; x_wconf 83' lang='lat' dir='ltr'>versus,</span> <span class='ocrx_word' id='word_1_187' title='bbox 1662 2130 1709 2172; x_wconf 89' lang='lat' dir='ltr'><em>ad</em></span> <span class='ocrx_word' id='word_1_188' title='bbox 1722 2142 1822 2182; x_wconf 90' lang='lat' dir='ltr'>quos</span> 
     </span>
    </p>
   </div>
   <div class='ocr_carea' id='block_1_16' title="bbox 321 2187 1818 2298">
    <p class='ocr_par' dir='ltr' id='par_1_19' title="bbox 321 2187 1818 2298">
     <span class='ocr_line' id='line_1_29' title="bbox 321 2187 1818 2242; baseline -0.004 -11"><span class='ocrx_word' id='word_1_189' title='bbox 321 2190 565 2231; x_wconf 82' lang='lat' dir='ltr'>Aristarchus</span> <span class='ocrx_word' id='word_1_190' title='bbox 599 2192 664 2231; x_wconf 82' lang='lat' dir='ltr'><em>ille</em></span> <span class='ocrx_word' id='word_1_191' title='bbox 694 2199 806 2230; x_wconf 76' lang='lat' dir='ltr'>notas</span> <span class='ocrx_word' id='word_1_192' title='bbox 833 2188 1040 2242; x_wconf 77' lang='lat' dir='ltr'><em>apposuit,</em></span> <span class='ocrx_word' id='word_1_193' title='bbox 1089 2187 1274 2231; x_wconf 78' lang='lat' dir='ltr'><em>Ovidiani</em></span> <span class='ocrx_word' id='word_1_194' title='bbox 1295 2188 1399 2237; x_wconf 84' lang='lat' dir='ltr'>fint;</span> <span class='ocrx_word' id='word_1_195' title='bbox 1440 2198 1622 2241; x_wconf 79' lang='lat' dir='ltr'>tanquam</span> <span class='ocrx_word' id='word_1_196' title='bbox 1652 2187 1818 2228; x_wconf 84' lang='lat' dir='ltr'><em>Metam.</em></span> 
     </span>
     <span class='ocr_line' id='line_1_30' title="bbox 325 2250 494 2298; baseline 0.006 -11"><span class='ocrx_word' id='word_1_197' title='bbox 325 2259 382 2295; x_wconf 77' lang='lat' dir='ltr'><em>iv,</em></span> <span class='ocrx_word' id='word_1_198' title='bbox 401 2250 494 2298; x_wconf 83' lang='lat'>316.</span> 
     </span>
    </p>
   </div>
   <div class='ocr_carea' id='block_1_17' title="bbox 1695 2336 1822 2391">
    <p class='ocr_par' dir='ltr' id='par_1_20' title="bbox 1695 2336 1822 2391">
     <span class='ocr_line' id='line_1_31' title="bbox 1695 2336 1822 2391; baseline 0 -13"><span class='ocrx_word' id='word_1_199' title='bbox 1695 2336 1822 2391; x_wconf 89' lang='lat' dir='ltr'><em>[Cum</em></span> 
     </span>
    </p>
   </div>
  </div>
 </body>
</html>
