2070 2740
280 246 1537 296 6EMENDATIONVM

279 356 413 397 Italiae
443 354 618 396 Cumaea
646 353 772 403 dieta,
809 365 1038 410 rogaverat,
1077 359 1223 410 pariter
1252 355 1454 397 Eretriam
1480 361 1637 407 vocari,
1676 358 1796 411 idque

279 426 299 453 a
326 414 474 465 po'c'ta,
519 414 586 463 qui
614 414 732 464 plane
762 412 800 452 &
828 423 963 464 aperte
987 416 1097 466 loqui
1130 416 1288 455 soleat?
1333 414 1471 457 Nemo
1502 426 1609 456 certe
1640 416 1798 457 Eretrii

275 470 466 522 pul-veris,
504 479 548 509 ut
572 468 751 515 Euboici,
790 471 856 509 vel
879 483 1015 511 arenae
1040 471 1211 525 Libycae
1234 472 1427 511 meminit.
1487 471 1650 512 Deinde
1672 485 1793 514 nemo

278 528 455 566 omnium
480 527 688 578 poetarum
720 526 956 568 Latinorum
988 530 1106 581 longa
1137 530 1264 581 prima
1293 528 1441 579 syllaba
1471 527 1570 569 dixit
1599 528 1794 570 Eretrius.

277 583 466 624 Homerus
489 593 620 623 tamen
637 611 648 630 ‚
687 584 873 634 inquiunt
888 612 900 631 ‚
939 585 1050 624 Iliad.
1076 597 1114 632 Β,
1141 597 1234 636 537.
1259 585 1410 637 scripsit
1425 611 1438 631 ,

576 662 749 694 Χαλκι’ὃαιτ”
774 659 924 706 ’Βρέτρλιοίν
950 673 1009 704 τε;
1044 662 1103 696 vel
1129 660 1295 709 Ἐρρέτυσίν
1316 674 1359 695 τε.

280 722 407 761 Immo
430 731 528 759 vero
554 720 708 760 constat
732 731 782 760 ex
806 718 1009 774 Eustathio
1031 723 1192 772 poetam
1216 721 1407 773 scripsisse
1429 721 1604 769 Ἐρέτριαν,
1629 730 1675 761 ut
1689 733 1799 761 nunc

281 779 321 817 in
343 777 586 829 pervulgatis
609 785 729 816 notae
753 777 928 817 melioris
953 778 1063 817 libris
1088 779 1310 818 exhibetur.
1371 777 1482 816 Idem
1504 776 1683 831 Heinsius
1704 779 1796 817 alias

281 832 525 884 conjecturas
542 832 700 885 profert
716 834 756 872 in
773 833 896 872 Notis
915 833 963 873 ad
983 833 1169 873 Catullum
1186 847 1225 886 p.
1246 835 1340 882 644.
1371 834 1463 879 ubi,
1494 833 1626 884 Lege,
1645 835 1796 886 inquit,

278 890 448 945 jail-veris
464 888 631 936 aetheri,
661 891 729 929 vel
744 887 851 936 aeri,
882 903 956 942 pro
972 891 1137 930 aetherei
1151 892 1218 929 vel
1241 890 1355 929 aerei.
1385 915 1427 922 --
1455 888 1644 940 scriptum
1667 890 1799 930 fuerat

281 974 310 992 „
341 946 524 992 aetherei,
555 946 649 985 hinc
664 945 883 998 Erythraei
898 945 1058 986 factum.
1119 947 1194 987 Per
1206 946 1402 999 pulverem
1418 946 1628 984 aethereum
1644 954 1798 986 atomos

285 1031 310 1050 ‚,
342 1004 493 1048 innuit,
525 1015 618 1053 quas
637 1002 718 1041 esse
735 1015 902 1042 numero
920 1002 1091 1042 infinitas
1109 1015 1158 1044 ex
1173 1003 1340 1055 Epicuri
1357 1002 1395 1041 &
1411 1002 1641 1041 Democriti
1664 1002 1800 1042 statuit

282 1088 310 1107 ‚‚
342 1059 555 1105 sententia,
586 1058 838 1110 mundosque
855 1058 1053 1107 infinitos,
1085 1072 1184 1110 quos
1202 1059 1271 1099 sub
1289 1058 1488 1099 stellarum
1504 1059 1667 1097 nomine
1690 1071 1800 1098 com-

283 1144 310 1163 „
341 1116 540 1168 plec‘titur.
578 1141 618 1148 --
654 1114 762 1155 forte
786 1115 824 1155 ἃε
845 1113 997 1168 Africi.
1065 1116 1177 1156 Prius
1203 1116 1373 1155 debetur
1401 1113 1469 1154 Th.
1495 1111 1700 1162 Manilio,
1730 1115 1800 1166 qui

283 1201 312 1220 ‚,
343 1174 395 1213 sle
421 1173 606 1224 exponit:
639 1171 770 1224 pulvis
792 1173 1005 1220 aethereus,
1043 1181 1110 1212 aut
1126 1176 1276 1219 aereus,
1307 1172 1544 1224 corpuscula
1560 1172 1600 1210 in
1616 1171 1719 1218 sole,
1751 1171 1802 1211 de

285 1257 314 1275 7,
344 1230 487 1280 quibus
513 1227 720 1268 Lucretius
744 1230 812 1268 lib.
839 1241 894 1268 iv.
932 1239 1000 1268 aut
1021 1230 1153 1281 pulvis
1179 1229 1370 1269 aethereus
1386 1255 1398 1275 ‚
1435 1228 1517 1267 slve
1542 1230 1693 1275 aereus,
1731 1228 1800 1278 qui

285 1313 313 1331 „
345 1287 538 1324 excitatur
561 1285 609 1324 de
635 1294 737 1324 terra
760 1286 800 1324 in
824 1287 976 1332 aerem,
1006 1295 1052 1325 ut
1069 1299 1160 1326 cum
1177 1285 1363 1331 Maroni,
1384 1281 1468 1337 stat
1480 1283 1638 1335 pulvere
1655 1283 1800 1323 coelum.

285 1342 483 1381 Posterior
507 1341 742 1391 explicatio,
780 1352 880 1390 quae
904 1342 1120 1392 simplicior
1144 1341 1184 1380 &
1204 1341 1455 1380 verisimilior
1479 1339 1535 1378 est
1557 1338 1771 1392 Heinfiana
1786 1365 1801 1386 ‚

283 1398 428 1438 firmari
451 1396 583 1450 potest
605 1394 786 1449 Aeschyli
809 1398 901 1436 loco
926 1398 966 1436 in
990 1397 1140 1449 septem
1164 1405 1304 1436 contra
1326 1395 1485 1435 Thebas
1508 1406 1548 1435 v.
1577 1396 1642 1435 81.

598 1477 733 1520 'Aassrsploe
754 1473 827 1512 κόνις
841 1489 880 1522 με
897 1475 998 1510 wa'Sa
1015 1479 1108 1519 Φοινέῖ
1130 1495 1188 1501 ——

598 1527 645 1566 'o‘,
669 1520 837 1566 o'o'mvs&‚
864 1521 991 1568 σωφῆς,
1017 1521 1140 1568 imp&
1161 1518 1329 1568 ἅγγελῶϋ.

286 1599 357 1639 ubi
374 1596 551 1637 Scholia:
581 1597 598 1630 ὅ
621 1599 646 1629 ἑν
666 1598 713 1641 ‘uir‘
731 1595 797 1641 οἱὲξι
819 1593 1056 1640 α’νοιφερέμενΘ·
1076 1593 1227 1640 κονιορτὲς-
1253 1612 1340 1620 ·--
1364 1593 1490 1640 αἰθερία,
1506 1593 1541 1629 δὲ
1561 1592 1661 1637 κᾶνις,
1694 1594 1806 1641 ’folipe-

288 1656 358 1702 μέν»,
380 1653 470 1700 μέχρι
495 1655 534 1686 τε
559 1652 674 1698 dig&-
740 1651 876 1701 Atque
906 1650 1008 1690 hanc
1032 1648 1248 1690 lectionem
1276 1649 1436 1702 Vzdpius
1458 1649 1688 1691 adolescens
1711 1662 1804 1702 pro-

289 1711 420 1751 babat.
487 1706 649 1747 Vellem
679 1715 813 1747 tamen
836 1706 1063 1746 docuissent
1086 1707 1253 1746 Latinos
1276 1707 1415 1758 poetas
1440 1707 1651 1746 aethereum
1670 1706 1806 1759 pulve-

288 1779 367 1807 rem
404 1766 457 1806 fic
491 1763 722 1816 usurpasse,
769 1763 807 1803 &
843 1775 934 1803 cum
970 1762 1161 1804 sideribus
1198 1763 1241 1802 in
1276 1762 1502 1814 hujusmodi
1531 1763 1805 1804 locutionibus

291 1820 550 1874 conjunxisse.
609 1819 756 1860 Multis
793 1820 910 1873 igitur
938 1818 1045 1860 forte
1074 1819 1320 1871 probabilior
1348 1818 1552 1859 videbitur
1580 1821 1701 1860 altera
1728 1818 1805 1858 viri

290 1877 611 1932 perspicacissimi
643 1874 897 1926 conjectura,
937 1875 1110 1928 pulveris
1140 1871 1309 1926 Africi:
1362 1875 1511 1914 centies
1543 1876 1650 1916 enim
1679 1875 1804 1925 Liby-

293 1948 355 1976 cas
386 1944 519 1973 arenas
550 1933 590 1970 in
620 1933 762 1970 talibus
791 1932 935 1983 poetae
964 1939 1197 1970 memorant.

348 1991 431 2029 Vix
454 1998 585 2028 tamen
609 1987 750 2027 dubito
767 2015 779 2033 ,
819 1988 913 2037 quin
948 1986 1117 2026 Cistallus
1147 1986 1244 2027 olim
1271 1986 1466 2040 scripserit
1483 2012 1496 2034 ,

671 2053 741 2094 Ille
770 2055 945 2106 pulveris
975 2054 1071 2094 aridi
1090 2083 1101 2096 0

673 2109 914 2163 Siderumque
943 2112 1157 2150 micantium

674 2166 866 2208 Suhclucat
894 2180 1084 2208 numerum
1110 2168 1230 2220 prius.

298 2239 392 2282 Hoc
422 2237 470 2277 ad
499 2239 742 2289 optimorum
771 2237 963 2276 librorum
981 2264 992 2281 ‚
1031 2249 1129 2286 quos
1160 2234 1326 2275 Achilles
1354 2233 1503 2275 Statius
1531 2235 1726 2288 inspexit,
1770 2233 1810 2275 δε

304 2294 562 2348 Ι”ο.κζ[ῖιῑηοι·ι.ἰιι
594 2293 844 2345 scripturam,
883 2293 1011 2337 crisci,
1037 2295 1088 2331 v&
1111 2293 1240 2336 ericei,
1277 2293 1458 2344 proxime
1474 2292 1638 2333 accedit.
1698 2291 1808 2332 Nam

298 2354 427 2393 literas
458 2359 473 2390 t
503 2351 540 2390 δε
569 2349 594 2389 (Ι
609 2377 620 2396 ,
665 2359 781 2399 atque
811 2362 834 2387 a
863 2349 902 2388 ὁὶ
929 2362 946 2388 e
975 2359 1170 2400 perpetuo
1200 2351 1413 2400 permutari
1443 2349 1605 2389 constat.
1667 2347 1807 2388 Pulvis

301 2418 433 2450 autem
447 2407 564 2461 ficcus
585 2404 742 2446 Lucano
773 2405 917 2445 dicitur
942 2418 997 2453 ix,
1015 2417 1112 2457 342,
1137 2415 1232 2456 974.
1260 2406 1477 2448 Columellas
1490 2418 1531 2453 x,
1554 2416 1644 2457 153.
1669 2405 1802 2502 &ardi-

1783 2473 1808 2500 a
