2070 2740
568 194 1428 239 CAPvTv.
1697 207 1754 250 99

236 317 280 359 in
302 315 547 357 Adversariis
572 315 778 369 Notisque
807 314 968 368 adjecfftis
984 342 1000 362 ,
1036 315 1075 355 δε
1104 317 1174 362 iis,
1212 316 1356 366 quibus
1381 325 1559 359 caeteros
1581 317 1747 371 scripto·

234 385 295 415 res
319 373 549 421 illustravit,
580 376 692 426 plura
715 376 804 413 loca
818 373 906 412 fere
922 372 1115 418 correxit,
1146 382 1263 422 quam
1279 373 1460 425 plerique
1477 387 1614 415 omnes
1630 376 1746 415 simul

233 429 420 471 editores.
480 431 603 471 Dicat
626 430 764 480 aliquis
789 440 871 468 non
894 441 1038 481 paucas
1064 426 1333 469 correctiones
1358 431 1479 483 magis
1502 431 1743 483 ingeniosas,

231 498 350 539 quam
372 500 484 528 veras
508 487 657 534 videm
687 487 911 536 multasque
936 487 978 525 in
1000 485 1125 526 Notis
1150 486 1368 534 exhibitas,
1405 486 1612 539 perspicue
1629 487 1742 528 falsas

231 544 332 584 esse:
362 557 436 598 ego
453 545 575 584 miror
591 544 632 582 in
648 542 737 583 rudi
754 542 998 596 &indigesta
1014 542 1308 584 correctionum
1319 570 1331 590 ‚
1356 543 1626 584 diveriisfimis
1643 553 1742 584 tem-

227 601 393 653 poribus
423 602 464 640 in
488 600 577 640 usus
600 601 778 653 privatos
801 598 1017 647 saetarum,
1054 601 1163 641 mole
1185 612 1268 639 non
1290 601 1425 652 plures
1448 600 1564 652 hujus
1586 601 1741 654 generis

229 658 413 697 inveniri.
473 656 574 696 Non
597 669 740 708 paucas
765 665 920 704 tamen,
966 668 1066 707 quae
1089 658 1157 698 vel
1180 657 1355 696 incertae
1377 657 1445 696 vel
1468 656 1587 697 falsae
1609 658 1740 708 primo

226 713 489 760 videbantur,
520 712 666 753 deinde
683 713 818 766 dignas
836 712 911 753 effe
924 712 1123 765 judicavi,
1161 726 1326 764 quarum
1341 714 1443 754 ratio
1460 714 1684 753 haberetur.

281 769 462 810 Laudem
486 782 647 821 quoque
670 780 846 810 meretur
870 767 966 825 Jac.
993 768 1099 810 Phil.
1123 769 1350 817 Dominus,
1388 771 1450 810 vir
1472 771 1591 833 longe
1609 770 1739 810 erudi-

226 827 419 873 tissimus,
432 827 636 878 idemque
659 826 908 867 felicissimus
931 827 1079 867 Umbri
1101 827 1202 871 vatis
1221 827 1418 874 imitator,
1450 826 1560 878 cujus
1577 826 1741 867 adnota-

225 885 356 922 tiones
386 895 457 935 per
489 883 799 925 Observationes
832 883 1114 925 Miscellaneas
1145 883 1341 936 dispersae
1364 883 1473 923 sunt:
1497 884 1739 942 paucissimis

225 948 358 980 tamen
376 941 607 979 vulneribus
624 939 806 979 adhibuit
821 940 1005 978 remedia.

280 996 398 1035 Plura
420 995 571 1035 sanavit
599 993 657 1034 Ti.
682 992 1009 1048 Ηειιιβενὺιιβιις,
1040 996 1109 1045 qui
1131 1007 1215 1035 non
1238 995 1364 1036 solum
1390 996 1430 1035 in
1450 994 1612 1035 Graecis
1629 997 1736 1048 prin·

227 1053 401 1105 cipatum
425 1053 575 1099 tenuit,
605 1051 673 1091 sed
696 1053 735 1092 δε
757 1052 902 1092 Latina
925 1051 1098 1091 feliciter
1121 1053 1262 1106 attigit.
1336 1053 1469 1103 Hujus
1494 1060 1626 1093 autem
1650 1065 1738 1094 cor-

226 1107 447 1156 rectiones,
479 1108 651 1148 Observ.
677 1121 707 1156 1,
727 1121 764 1160 3.
789 1122 828 1162 p.
856 1120 921 1158 29.
953 1108 1151 1155 laudatas,
1182 1108 1324 1149 nostris
1350 1109 1528 1149 inseram.

280 1166 443 1206 Praeter
467 1165 540 1205 hos
565 1166 631 1204 alii
653 1177 737 1205 non
760 1167 877 1217 pauci
900 1165 1038 1212 fuere,
1069 1167 1137 1216 qui
1162 1166 1203 1206 in
1225 1166 1371 1206 libellis
1398 1166 1582 1212 Criticis,
1613 1165 1651 1206 &
1667 1166 1738 1206 ob—

224 1222 513 1264 servationibus
538 1222 579 1261 in
603 1223 786 1273 antiquos
810 1222 1022 1274 scriptores
1047 1221 1239 1273 quaedam
1262 1222 1406 1263 menda
1429 1224 1637 1263 tollerent:
1667 1235 1737 1262 ve-

222 1292 311 1319 rum
334 1279 387 1319 fic
404 1290 565 1329 quoque
582 1279 706 1318 multa
721 1281 787 1319 vel
802 1280 937 1331 potius
954 1280 1162 1320 innumera
1177 1280 1349 1331 reperias
1362 1307 1374 1327 ‚
1405 1290 1505 1330 quae
1522 1277 1738 1319 correctio-

222 1336 281 1376 nis
305 1335 531 1388 indigeant,
562 1344 680 1385 atque
704 1335 802 1375 adeo
827 1348 910 1376 non
935 1337 1104 1390 integras
1129 1335 1309 1389 Elegias‚
1339 1335 1407 1376 sed
1422 1344 1553 1388 partes
1571 1334 1738 1376 confuse

221 1392 488 1444 permisteque
505 1392 707 1444 dispersas.
767 1392 861 1432 Nec
877 1404 1118 1446 magnopere
1134 1394 1269 1433 miror.
1311 1392 1462 1432 Omnes
1481 1393 1587 1433 enim
1602 1392 1739 1444 scripti.

220 1450 312 1490 libri
336 1459 515 1489 recentes
539 1449 650 1496 sunt,
682 1449 720 1488 δε
745 1461 793 1490 ex
815 1457 897 1489 uno
923 1448 1054 1496 ducti,
1086 1461 1204 1500 quem
1225 1450 1394 1502 pessime
1417 1449 1598 1489 habitum
1621 1447 1739 1489 fuiss'e

221 1505 386 1546 constat.
447 1505 668 1545 Audiamus
686 1504 779 1545 Aca.
799 1504 911 1558 Sym.
936 1505 1222 1546 Sarmazarium
1238 1506 1343 1558 apud
1360 1504 1478 1546 Alex.
1496 1505 1543 1545 ah
1552 1503 1670 1544 Alex.
1683 1505 1737 1544 G.

218 1562 274 1602 D.
302 1562 355 1609 ΙΙ,
382 1576 408 1602 1:
433 1590 463 1609 ,,
495 1562 686 1615 Jovianus
710 1562 938 1609 Fontanus,
968 1565 1032 1602 vir
1053 1564 1203 1602 multae
1227 1562 1486 1608 eruditionis,
1516 1562 1737 1612 antiquisfi-

218 1631 285 1659 mo
309 1618 491 1659 firmabat
515 1618 765 1665 testimonio,
796 1619 996 1671 Propertii
1020 1619 1180 1672 Elegias
1206 1627 1365 1672 patrum
1388 1618 1616 1659 nostrorum
1634 1627 1738 1658 aeta-

220 1684 283 1722 te,
314 1676 352 1715 &
376 1675 413 1714 se
437 1674 734 1714 adolescentulo
758 1676 931 1726 primum
954 1677 995 1715 in
1019 1677 1150 1716 lucem
1173 1674 1383 1728 prodiiffe,
1422 1687 1515 1716 cum
1539 1684 1655 1715 antea
1678 1676 1738 1715 in-

218 1731 328 1772 scitia
355 1741 582 1784 temporum
606 1732 833 1783 incomptae
856 1731 994 1772 forent
1018 1732 1056 1771 ὃς
1072 1733 1321 1785 incognitae3
1351 1743 1533 1784 opusque
1550 1732 1739 1771 oblitera-

218 1797 326 1836 tum,
358 1788 395 1828 δι
418 1789 646 1841 longissimo
671 1800 772 1828 aevo
798 1788 1042 1836 absumtum‚
1073 1790 1240 1829 corrosis
1258 1789 1537 1828 &labentibus
1555 1788 1678 1828 literis
1695 1788 1738 1827 in

218 1846 320 1886 cella
337 1846 488 1885 vinaria
503 1845 574 1884 sub
594 1844 710 1884 doliis
729 1846 937 1886 inventum
954 1843 1197 1898 apparuisse,
1236 1846 1273 1885 &
1290 1858 1381 1885 cum
1399 1845 1524 1884 libelli
1540 1843 1738 1884 vetustate

217 1902 353 1943 verbis
378 1901 416 1942 &
445 1902 674 1941 nominibus
698 1901 884 1941 absumtis
910 1904 1030 1955 longo
1056 1903 1131 1942 fitu
1148 1901 1334 1949 &senio‚
1366 1900 1476 1952 quod
1492 1902 1532 1940 in
1549 1900 1738 1940 diuturna

220 1959 460 1999 obscuritate
485 1959 674 2005 latuerat,
705 1970 841 1998 veram
866 1958 1080 1998 leetionem
1096 1957 1242 2009 affequi
1258 1959 1491 2009 nequirent,
1522 1956 1735 2004 effectum,

220 2024 266 2055 ut
287 2015 466 2056 mendosi
490 2014 583 2054 inde
607 2014 767 2055 codices
784 2015 1013 2066 prodirent3
1044 2016 1314 2068 paulatimque
1331 2015 1475 2055 discuti
1493 2025 1669 2060 errores,
1700 2013 1738 2053 &

222 2073 365 2125 corrigi
389 2073 523 2124 coepti
540 2071 649 2112 sunt:
674 2083 749 2111 nec
766 2080 897 2111 tamen
915 2073 1013 2112 effici
1031 2071 1175 2123 quisse,
1206 2081 1251 2112 ut
1266 2071 1433 2124 posteris
1451 2071 1617 2111 omnino
1635 2071 1737 2109 inte-

220 2130 279 2183 gri
298 2128 560 2179 inoffenfique
579 2129 779 2169 dar.entur
799 2157 827 2176 „
880 2128 1046 2169 Utinam
1065 2139 1196 2168 tamen
1214 2128 1418 2168 editores
1408 2140 1447 2166 1n
1464 2128 1582 2167 variis
1598 2125 1738 2166 ieffio-

221 2186 338 2225 nibus
370 2185 530 2226 suorum
563 2186 755 2226 librorum
786 2185 1050 2226 memorandis
1080 2185 1352 2238 diligentiores
1383 2181 1574 2231 fuiffenc,
1619 2192 1741 2238 atque

222 2242 321 2282 adeo
347 2242 500 2288 liber,
490 2254 530 2281 m
547 2242 647 2281 cella
663 2244 814 2283 vinaria
830 2252 1031 2295 repertus,
1050 2255 1145 2282 auro
1164 2251 1303 2282 contra
1318 2253 1401 2281 non
1417 2252 1552 2288 car‚us
1564 2239 1738 2293 indagari

223 2297 261 2339 δι
284 2311 306 2338 e
331 2299 505 2339 tenebris
531 2299 617 2338 erui
641 2298 794 2351 posset!
838 2299 874 2339 Γ
856 2311 905 2339 x
928 2300 974 2339 iis
999 2301 1126 2347 enim,
1165 2311 1263 2349 quos
1287 2298 1460 2341 versavi,
1504 2298 1634 2349 patuit
1655 2309 1739 2336 non

220 2367 365 2409 paucas
388 2354 503 2399 fuiffe
528 2355 754 2410 neglectas:
791 2358 934 2398 unicus
966 2366 1100 2398 autem
1121 2354 1251 2397 codex
1273 2354 1471 2410 inspectus
1496 2366 1588 2396 cum
1611 2364 1737 2448 vangis

969 2412 1015 2454 N
1045 2424 1068 2452 α
1714 2419 1736 2446 e
