2070 2740
219 580 364 625 Reliqua
385 579 462 614 libri
486 586 517 611 11
543 574 712 622 Propertii
726 572 876 610 correua.
909 573 1058 609 Gaudere
1076 576 1188 611 beatis.
1221 573 1398 623 Inprobata
1414 575 1565 620 versuum
1582 577 1741 624 trajeuio.

264 627 382 673 *Gygae
406 624 448 666 δέ’
471 623 577 669 Croesi
593 622 749 671 flumina.
802 621 880 666 Ne,
916 635 1010 659 neve.
1063 621 1207 670 Dimiffa
1224 623 1358 670 somno,
1392 627 1524 671 periclo.
1582 624 1662 662 Heu
1679 629 1740 662 vix

265 675 462 721 usurpatur,
490 672 553 718 nisi
575 676 610 709 in
631 685 664 708 re
679 674 823 719 lugubri.
876 669 955 707 Heu
972 671 1014 712 ἐξ
1030 684 1045 707 o
1059 679 1299 719 permutantur.
1357 672 1535 718 Tenebrae,
1562 686 1641 722 quae
1659 674 1742 711 Pro-

259 725 363 771 perui
381 721 493 770 versus
507 723 672 769 obscurare
689 722 906 765 videbantur,
922 723 1019 756 unius
1034 723 1184 758 literulae
1202 725 1379 758 mutatione
1394 721 1561 770 dise-uffae.
1612 723 1739 759 Rumor

263 774 416 819 pervenit
439 772 481 806 ad
502 782 609 807 aures.
661 769 725 814 M,
745 769 777 816 fi
797 771 987 816 negligatur
1009 769 1191 818 ecthlipsis,
1216 778 1346 818 propter
1361 771 1523 818 caesuram
1535 773 1670 819 produci
1687 784 1739 808 ne-

266 823 347 868 quit.
399 819 489 856 Loca
512 818 681 866 Propertii
709 818 752 859 ἐξ
780 818 904 854 Tibulli
922 843 933 862 ,
976 820 1088 866 quibus
1109 822 1214 867 opinio
1235 823 1409 856 communis
1425 819 1560 866 firmari
1577 828 1738 867 putatur,

259 876 417 916 corrupta
431 868 527 916 sunt.
578 866 758 914 Eciblipfis
773 866 1009 914 Propertiana,
1031 869 1102 915 jam
1124 872 1254 915 inpune.
1308 868 1494 917 Juvenalis
1511 869 1553 910 &⁹
1574 868 1738 918 Virgilius
1805 872 1808 874 ’

261 916 397 962 defensi.
450 917 572 952 Latiae
588 915 631 957 &⁷
647 915 785 952 Sabinae
798 918 1000 964 junguntur.
1054 915 1258 964 Juvenalis,
1285 918 1470 963 trajeuione
1485 917 1657 965 versuum,
1684 930 1738 954 cu-

261 973 369 1003 ratus.
420 964 516 1002 Alia.
566 964 637 1007 Es,
651 965 805 1010 sequente
825 967 952 1007 vocali,
988 976 1050 1000 non
1073 967 1270 1010 corripitur:
1304 965 1417 1009 versus
1433 990 1445 1009 ,
1478 969 1512 1001 in
1534 968 1647 1013 quibus
1664 974 1738 1014 pro·

263 1015 338 1050 duci
357 1014 511 1057 videtur,
544 1013 658 1049 menda
680 1015 858 1049 continent.
910 1010 1051 1049 Muari.
1103 1012 1305 1049 Dubitatum
1318 1013 1355 1049 de
1370 1015 1517 1061 loquendi
1530 1027 1666 1062 genere,
1682 1015 1739 1062 sa-

262 1066 331 1099 tius
355 1065 481 1098 imitere
502 1060 680 1098 Philetam.
733 1061 846 1097 Satius
869 1059 914 1104 eli
928 1063 1055 1096 imitari
1071 1060 1247 1100 Philetam.
1300 1061 1414 1098 Satius
1429 1062 1593 1110 &potius
1609 1070 1739 1100 mutan.

261 1119 330 1148 tur.
386 1110 483 1146 Uvae
497 1111 620 1147 virides
626 1108 711 1156 sunt
724 1112 931 1146 immaturae.
983 1109 1080 1157 Seges
1103 1109 1146 1151 ἐξ
1164 1122 1233 1146 uva
1250 1111 1366 1147 reuius
1381 1113 1484 1148 nitere
1501 1111 1544 1152 ἐπ’)
1562 1115 1674 1148 venire
1690 1113 1739 1148 di·

262 1166 404 1204 cuntur,
431 1171 526 1207 quam
552 1161 673 1196 virere.
735 1159 937 1195 Claudianus
957 1169 978 1194 a
1000 1166 1110 1206 prava
1132 1161 1320 1197 correl'tione
1347 1161 1547 1198 vindicatus.
1599 1160 1737 1207 Proper-

260 1211 328 1304 tius
350 1211 506 1244 imitatur
526 1207 706 1256 Virgilium
723 1232 735 1252 ,
763 1207 935 1255 versusque
952 1208 1100 1244 dimidios
1115 1211 1154 1245 ab
1166 1209 1330 1257 eosumit:
1359 1208 1435 1256 usus
1451 1211 1622 1257 multiplex
1639 1210 1735 1258 hujus

261 1259 296 1294 ob
313 1259 504 1294 ervationis.

210 1422 492 1532 Propertius
507 1476 562 1525 ΙΙ,
578 1488 675 1526 xus,
694 1490 760 1530 33.
792 1477 840 1519 ad
859 1478 1102 1530 Cynthiam:

436 1581 533 1625 Noli
551 1581 766 1628 nobilibus,
784 1581 861 1622 noli
876 1581 1061 1622 conferre
1078 1582 1210 1621 beatis.

495 1638 578 1680 Vix
594 1639 722 1687 venit,
741 1645 903 1679 extremo
920 1639 984 1692 qui
999 1638 1101 1691 legat
1117 1634 1190 1693 offa
1207 1633 1277 1676 die.

209 1750 389 1806 Heinsius
412 1748 583 1790 Advers.
608 1761 648 1801 p.
668 1750 762 1799 348.
809 1746 986 1795 „nolite
1007 1746 1154 1786 offerre
1170 1745 1310 1792 beatis,
1341 1729 1499 1796 opinor.
1560 1741 1730 1796 Guyeius

207 1810 329 1857 haec,
359 1817 405 1849 ut
426 1806 556 1860 spuria
573 1804 857 1852 confodiebat,
887 1802 954 1844 sed
970 1802 1122 1855 injuria.
1141 1829 1171 1850 „
1208 1801 1325 1843 Novi
1341 1802 1535 1852 aliquem,
1565 1801 1634 1851 qui
1649 1811 1730 1841 ma-

208 1866 278 1914 lit,

433 1966 529 2010 Noli
543 1965 745 2015 nobilibus,
775 1964 851 2008 noli
865 1963 1038 2020 gaudere
1053 1963 1192 2006 beatis,

216 2076 383 2121 Tibullus
399 2078 453 2126 ΙΙ,
471 2090 546 2127 v1,
565 2090 585 2129 3
597 2089 630 2117 1.

427 2179 541 2228 Heu,
572 2180 641 2220 heu
656 2176 847 2218 divitibus
865 2171 974 2216 video
991 2170 1162 2228 gaudere
1177 2146 1357 2225 puellas:

206 2291 275 2342 qui
290 2289 403 2330 locus
420 2285 470 2327 ad
485 2284 754 2338 conJecturam
769 2282 1016 2337 probandam
1030 2281 1306 2338 perappofitus
1321 2276 1393 2323 est.

262 2382 318 2424 ib.
334 2392 404 2434 47.
434 2378 494 2422 Et
502 2376 647 2434 fisecla
655 2375 792 2432 forent
805 2383 875 2419 cet.
946 2429 987 2473 R
1504 2411 1510 2419 ‹
1603 2417 1729 2463 Hem,
