2070 2740
309 156 361 199 32
477 139 1591 186 EMENDATIONVM

499 274 615 316 Hanc
636 275 710 329 fibi
732 277 822 332 jure
845 283 954 330 petat
983 279 1112 331 magni
1143 276 1243 317 senis
1273 277 1432 317 Atticus
1460 278 1600 320 hortus
1618 305 1631 325 ,

556 330 639 374 Nec
667 334 787 374 minus
815 333 885 388 esse
904 333 1017 388 suam
1045 333 1173 375 Stoica
1202 334 1317 374 turba
1345 333 1452 374 velit.

312 424 380 464 ubi
405 421 622 464 Scriverius
644 435 818 465 errorem
847 423 1040 465 Calderini
1057 451 1069 471 ‚
1114 422 1285 464 Hei-aldi
1300 452 1313 472 ‚
1359 425 1397 465 δι
1423 424 1614 472 Crateri,
1660 426 1728 476 qui
1750 436 1822 478 pu-

314 481 450 521 tabant
473 481 729 520 Academiam
754 480 958 534 fignificari
976 509 989 528 ‚
1022 481 1100 532 jam
1125 482 1307 522 correxit.
1369 481 1558 521 Similiter
1581 490 1712 521 autem
1733 481 1826 521 Vir-

312 537 426 588 gil1'us
448 537 781 590 Philosophorum
803 539 1024 590 praeceptis
1050 536 1248 576 institutus
1273 537 1329 577 est
1352 539 1400 578 ab
1424 538 1626 590 Epicureo
1659 538 1826 588 Syrone.

314 605 354 632 v.
385 592 560 633 Donatus
590 595 629 634 in
658 595 762 640 vita,
801 593 960 632 Servius
988 593 1036 632 ad
1065 593 1152 632 Ecl.
1183 606 1243 641 vl,
1280 606 1340 643 13.
1372 594 1410 633 &
1439 595 1541 634 Aen.
1572 606 1632 640 v1,
1666 596 1759 644 264.
1790 593 1829 634 δε

317 648 398 700 ipse
433 648 620 701 Virgilius
655 651 817 689 linthol.
847 648 982 703 Burni.
1014 649 1063 688 T.
1100 661 1134 688 1.
1170 663 1210 703 p.
1234 652 1330 699 428.
1390 650 1581 703 Ejusdem
1597 650 1828 704 Philosophi

317 706 499 745 meminit
525 719 565 758 p.
599 708 692 756 677.
733 729 736 733 ι

513 797 689 845 Villula‚
726 811 819 852 quae
848 800 1012 853 Syronis
1043 813 1125 843 eras
1142 830 1154 850 ‚
1193 800 1243 848 ἐξ)
1267 808 1412 855 pauper
1441 802 1585 854 agelle,

570 853 711 893 Verum
740 856 798 894 illi
827 856 967 899 domino
997 868 1040 898 tu
1069 872 1205 912 quoque
1235 858 1425 905 divitiae,

511 908 579 951 Με
608 911 679 950 tihi
694 938 706 957 ‚
745 909 794 956 ἐξ
823 913 886 953 hos
913 927 988 954 una
1016 928 1173 963 mecum,
1204 927 1291 968 quos
1309 913 1458 966 semper
1486 915 1638 960 amavi,

566 965 610 1005 Si
638 965 729 1019 quid
756 966 799 1007 de
822 971 957 1021 patria
987 970 1133 1026 tristius
1161 970 1313 1011 audiero
1330 998 1342 1017 ‚

515 1021 750 1070 Commendo,
781 1025 820 1063 in
838 1028 1042 1080 primisque
1052 1037 1224 1081 patrem:
1254 1035 1296 1067 tu
1311 1039 1406 1066 nunc
1423 1028 1496 1066 eris
1511 1027 1568 1066 illi
1576 1055 1590 1074 ,

567 1077 738 1120 Mantua
753 1080 850 1134 quod
855 1080 1019 1134 fuerat,
1057 1084 1219 1138 quodque
1245 1083 1425 1123 Cremona
1441 1084 1565 1136 prius.

327 1175 374 1217 In
397 1175 540 1227 quibus
563 1173 696 1214 verbis
721 1175 811 1214 leve
834 1176 1024 1218 mendum
1047 1187 1181 1219 manet
1204 1179 1282 1218 hoc
1305 1176 1426 1218 modo
1451 1175 1694 1217 tollendum:

600 1262 742 1304 Verum
765 1264 822 1304 illi
850 1263 992 1308 domino
1018 1277 1102 1308 tum
1127 1279 1264 1321 quoque
1288 1267 1460 1308 divitiae.

328 1354 438 1407 quod
466 1356 809 1409 argumentatione
840 1368 924 1396 non
955 1366 1056 1409 eget.
1116 1356 1226 1397 Nam
1255 1358 1417 1397 voculas
1448 1357 1664 1408 permutari
1687 1353 1841 1395 notissi-

329 1424 438 1452 mum
463 1411 530 1452 est.
556 1424 596 1451 v.
621 1410 819 1452 Drakenh.
846 1411 894 1451 ad
916 1411 1014 1452 Liv.
1040 1412 1091 1459 X,
1117 1425 1185 1460 XL,
1212 1427 1256 1453 11.

386 1468 549 1508 Deinde
567 1496 579 1515 ,
617 1477 662 1507 ut
690 1467 856 1519 scriptor
887 1467 987 1508 Ciris
1004 1495 1016 1515 ‚
1054 1469 1219 1519 Epicuri
1244 1479 1486 1521 peramoeno
1511 1467 1727 1509 delectatus
1751 1468 1844 1507 hor-

331 1523 530 1620 {ussoslse
566 1523 653 1563 fere
690 1523 877 1575 disjunxit
912 1536 934 1562 a
970 1525 1237 1573 carminibus,
1281 1525 1335 1564 ita
1371 1534 1531 1572 tamen,
1577 1535 1622 1564 ut
1656 1522 1845 1565 interdum

347 1592 371 1620 u
399 1591 458 1620 ere
502 1580 648 1627 ibera,

726 1647 785 1690 Et
811 1650 990 1701 gracilem
1018 1651 1118 1692 molli
1141 1649 1232 1703 pede
1261 1648 1432 1690 claudere
1460 1648 1610 1702 versum
1626 1661 1639 1688 .·

334 1717 530 1758 simillime
559 1713 774 1768 Virgilius,
812 1717 1035 1769 Epicureae
1059 1718 1339 1771 Philosophiae
1361 1718 1524 1770 flagrans
1548 1727 1681 1757 amore
1698 1743 1712 1763 ,
1748 1714 1846 1755 Mu-

335 1774 382 1813 sis
401 1801 412 1819 ‚
450 1785 615 1823 quarum
640 1774 837 1813 illecebris
861 1774 1101 1825 aliquamdiu
1124 1774 1311 1814 delinitus
1336 1774 1486 1819 fuerat,
1524 1774 1708 1812 nuntium
1731 1771 1846 1810 remi-

336 1830 383 1870 sst
399 1857 411 1876 ‚
449 1830 502 1869 sic
526 1839 658 1868 tamen
674 1857 686 1876 ‚
725 1838 770 1868 ut
793 1830 993 1870 interdum
1018 1830 1179 1881 aliquod
1202 1831 1486 1871 commercium
1510 1841 1602 1871 cum
1624 1829 1670 1870 iis
1701 1827 1848 1868 habere

337 1887 462 1925 vellet
478 1912 491 1932 ‚
529 1885 654 1924 Anth.
680 1883 815 1924 Burm.
842 1886 958 1926 Tom.
985 1899 1016 1925 1.
1042 1899 1081 1938 p.
1105 1888 1202 1935 428.

531 1961 614 2003 Nos
643 1962 694 2003 ad
722 1963 844 2004 beatos
872 1964 959 2004 vela
987 1966 1169 2005 mittimus
1193 1973 1353 2018 portus,

528 2017 671 2071 Magni
696 2028 858 2072 petentes
886 2021 992 2062 Λοξία
1022 2021 1121 2062 (ι’ῐιῐία
1152 2021 1338 2075 Syrmus,

535 2075 737 2129 Vitamque
765 2078 812 2116 ab
841 2080 938 2118 omni
966 2078 1238 2120 vindicabimus
1267 2091 1370 2119 cum.

532 2132 592 2172 Ite
621 2134 704 2172 hinc
737 2133 916 2174 Camenae
933 2148 946 2175 .-

529 2188 669 2229 Dulces
701 2189 879 2230 Camenae
896 2204 909 2231 .·
944 2205 1030 2232 nam
1052 2191 1268 2245 fatebimur
1296 2205 1428 2233 verum
1444 2220 1457 2240 ,

529 2243 670 2284 Dulces
689 2243 853 2301 fuistis:
890 2246 940 2294 ὃ)
968 2256 1090 2289 tamen
1120 2263 1216 2290 meas
1245 2251 1397 2290 chartas

536 2300 773 2354 Rea-istum:
802 2303 874 2357 secl
896 2305 1082 2357 pudenter
1111 2304 1161 2353 &⁹
1189 2319 1292 2348 raro.

1651 2357 1855 2401 Postremo
