2070 2740
346 196 424 240 ,54
545 170 1666 221 EMENDA'rroNVM

566 296 718 352 Templa
735 293 953 336 Pudicitiae
967 290 1059 348 quid
1072 300 1161 346 opus
1175 291 1346 335 statuifle
1359 294 1515 349 puellis:

342 407 411 448 ubi
430 406 468 444 in
485 403 588 443 libro
604 398 702 456 Voff.
721 400 858 452 super,
866 395 1261 453 statuiffi,scripturn
1277 398 1692 454 est‚posuiffe:millies
1710 400 1805 442 item
1814 400 1862 442 15.

342 463 461 504 brarii
492 461 614 500 verba
646 458 828 510 proxime
858 454 1137 507 praecedentia
1168 456 1209 494 in
1239 457 1408 499 aliorum
1439 459 1575 500 locum
1596 457 1858 507 substituunt,

344 529 530 570 tanquam
547 516 601 564 11,
619 527 661 562 v,
682 526 700 552 2
710 524 746 564 5.
779 514 820 553 in
836 510 1041 553 nonnullis
1058 511 1189 550 libris:

568 619 659 663 Non
677 615 756 672 istis
773 616 858 658 olim
873 615 1080 655 variabant
1095 613 1194 654 teeta
1204 611 1347 669 figuris
1359 627 1374 655 .·

624 676 717 716 Tum
731 675 860 727 paries
873 672 974 713 nullo
990 672 1142 712 crimine
1151 672 1276 725 pitius
1292 679 1389 712 erat.

569 732 644 774 Sed
658 745 727 774 aon
744 730 928 771 immerito
944 729 1113 770 variavit
1128 740 1273 770 aranea
1282 726 1447 782 fanum:

342 855 441 898 pm,
471 841 634 883 velavit.
695 838 808 879 Idem
830 835 966 878 fecifl’e
989 836 1179 878 videntur
1194 837 1298 879 Aen.
1323 834 1466 890 Virgil.
1486 847 1528 886 v,
1550 847 1572 876 2
1579 848 1636 889 52„

564 943 809 994 Intextusque
820 948 916 993 puer
924 937 1112 992 frondosa
1129 939 1255 991 regius
1271 937 1341 979 Ida

570 999 618 1041 V
612 999 716 1040 elocis
727 997 854 1053 jaculo
872 1009 1021 1043 cervos,
1053 994 1231 1049 cursuque
1239 992 1398 1048 fatigat
1412 1023 1424 1042 ‚

563 1055 692 1103 Acer,
723 1053 917 1094 anhelanti
924 1052 1058 1105 similis
1067 1065 1080 1092 .·
1110 1064 1213 1105 quem
1224 1059 1382 1104 praepes
1397 1053 1444 1092 ab
1461 1052 1531 1092 Ida

564 1111 764 1153 Sublimem
774 1109 932 1164 pedibus
947 1109 1079 1162 rapuit
1096 1107 1220 1163 Jovis
1235 1109 1402 1160 armiger
1419 1110 1544 1150 micis:

343 1219 435 1259 nam
450 1205 640 1258 scriptum
656 1199 794 1248 fuisse,

1077 1301 1182 1344 quem
1193 1297 1350 1343 praepes
1367 1289 1416 1330 ab
1432 1290 1568 1332 aethra

565 1349 766 1392 Sublimem
776 1347 933 1403 pedibus
950 1348 1082 1401 rapuit
1099 1345 1221 1404 Jovis
1237 1347 1406 1399 armiger
1421 1348 1524 1387 uncis
1535 1375 1549 1395 ‚

340 1458 603 1514 probabiliter
627 1455 775 1498 confici
796 1454 928 1508 potest
945 1465 994 1497 ex
1009 1455 1231 1497 imitatione
1249 1462 1384 1506 aperta
1405 1450 1557 1494 Valerii
1572 1450 1701 1494 Flacci
1714 1450 1749 1501 Ι,
1772 1452 1861 1503 156.

574 1562 686 1604 Talia
704 1562 873 1602 contami
887 1560 1037 1601 laevum
1053 1559 1164 1614 Jovis
1188 1561 1353 1614 armiger
1369 1559 1504 1600 aethra

567 1618 768 1666 Advenit,
799 1615 849 1664 ὃ)
865 1616 1008 1658 validis
1017 1614 1141 1672 fixam
1161 1617 1276 1668 erigit
1292 1617 1476 1667 unguibus
1492 1628 1641 1669 agnam.

338 1716 383 1757 ἀ
402 1713 607 1757 Claudiani
622 1713 669 1754 B.
689 1712 799 1754 Gild.
817 1714 914 1764 467.

1135 1800 1350 1855 fiaelvusque
1372 1799 1554 1843 Tonantis

569 1863 760 1915 Armiger
775 1863 824 1903 ab
842 1859 1008 1915 liquida,
1039 1858 1464 1912 cemfflsspeftantihus,
1495 1858 1633 1898 aethra

566 1920 783 1972 Arreptum
795 1917 952 1971 pedibus
969 1916 1098 1955 curvis
1113 1915 1284 1954 innexuit
1300 1913 1475 1967 hydrum.

346 2008 464 2051 Hanc
487 2016 619 2050 autem
643 2003 913 2058 conjefflrmn
932 2005 1224 2045 communicavi
1242 2016 1334 2044 cum
1351 2003 1570 2045 Burmamio
1585 2003 1638 2043 V.
1660 2003 1722 2052 C.‚
1743 2017 1866 2056 quum

347 2063 575 2107 correxiffet
591 2065 715 2104 Anth.
736 2064 784 2103 T.
811 2074 843 2101 1.
862 2075 901 2114 p.
922 2074 1016 2114 272.
1047 2072 1211 2119 praepes
1228 2062 1275 2102 ab
1292 2061 1392 2109 alto,-
1418 2063 1506 2108 vel,
1526 2069 1706 2114 praepete
1717 2070 1864 2116 penna:

345 2122 411 2162 sed
428 2121 602 2162 ostendit
614 2121 692 2173 jam
709 2120 748 2160 se
764 2120 913 2173 pariter
931 2118 1160 2166 tentaviss'e‚
1191 2146 1220 2166 ,,
1239 2119 1329 2165 vel,
1348 2119 1543 2165 aethra„:
1574 2119 1683 2169 quod
1699 2119 1865 2160 nuncin

345 2178 553 2221 Addendis
585 2179 741 2232 legitur.
810 2175 958 2217 Fateor
982 2185 1113 2217 tamen
1137 2175 1254 2216 valde
1277 2176 1475 2216 incertum
1499 2173 1575 2216 effe
1598 2175 1698 2216 illud
1717 2173 1865 2228 posuit:

345 2247 438 2275 nam
456 2233 680 2288 Propertius
695 2248 717 2275 a
735 2234 878 2276 talibus
897 2235 1171 2286 repetionibus
1188 2245 1269 2273 non
1287 2232 1434 2287 refugit
1451 2233 1484 2281 I,
1502 2245 1577 2280 vn,
1597 2243 1636 2282 5,
1656 2245 1693 2283 7.
1719 2230 1795 2279 IV,
1816 2245 1862 2279 11,

346 2293 418 2340 28,
439 2303 507 2341 29,
526 2303 591 2342 33.
625 2304 682 2338 ιν,
704 2303 775 2341 40,
793 2303 862 2341 42.
895 2299 1014 2341 atque
1031 2291 1154 2340 adeo,
1184 2301 1235 2333 ne
1249 2290 1429 2343 pluribus
1447 2300 1533 2331 utar
1550 2289 1765 2342 exemplis,
1791 2289 1865 2328 hu-

344 2349 405 2406 jus
428 2349 542 2403 Eleg.
563 2350 631 2396 61,
658 2349 723 2400 63.

1709 2397 1864 2441 Haimi-
