2070 2740
313 211 390 290 μ
497 232 1615 280 EMENDATIONVM

321 336 442 378 Conf.
473 347 588 378 vetus
619 336 779 379 Barthii
808 338 1058 380 Scholiastes.
1118 338 1277 380 Eodem
1305 339 1427 380 modo
1456 344 1701 385 vocabulum
1715 343 1832 386 sumi-

320 403 384 436 tur
411 407 506 443 vm,
539 405 633 446 594.

819 453 1023 493 innumeris
1051 452 1172 492 veluti
1200 452 1252 493 leo
1273 450 1384 505 forte
1407 456 1552 506 potitus

534 508 745 556 Caedihus,
783 509 932 549 inbelles
961 510 1130 557 vitulos,
1166 509 1357 563 mollesque
1379 511 1565 565 juvencas
1595 508 1598 511 ’

537 564 805 613 Transmittit,
835 579 977 619 magno
1000 565 1123 618 furor
1153 564 1201 620 est
1231 567 1269 606 in
1299 567 1485 620 sanguine
1515 570 1661 623 mergi,

531 620 614 663 Nec
643 622 713 675 mfi
740 624 936 674 regnantis
965 624 1107 664 cervice
1136 623 1344 664 recumbere
1373 626 1493 665 tauri.

316 678 352 719 ἃ
380 689 419 719 v.
453 690 546 730 573.

808 734 864 789 fic
892 733 1086 788 Hyrcana
1114 735 1166 776 leo
1198 735 1355 789 Caspius
1382 738 1519 779 umbra

532 789 672 832 Nudus
701 791 822 833 adhuc
839 820 850 840 ‚
888 792 1057 845 nulloque
1079 792 1196 847 jubae
1216 791 1404 846 flaventis
1433 796 1566 836 honore

534 847 756 896 Terribilis,
786 851 986 903 magnique
1015 850 1215 889 etiamnum
1243 850 1440 904 sanguinis
1469 850 1618 904 insons,

526 904 652 945 Haud
673 907 806 959 procul
834 920 857 946 a
876 904 1040 961 stabulis
1069 913 1199 959 captat
1227 905 1369 961 custode
1397 914 1534 948 remoto

527 959 645 1014 Segne
667 971 779 1015 pecus
807 970 1006 1016 teneraque
1027 961 1174 1016 famem
1203 962 1379 1017 consumit
1407 965 1448 1004 in
1476 975 1588 1016 agna.

307 1028 513 1070 Dor-vilius
549 1029 710 1081 quidem
747 1032 788 1070 in
825 1031 1010 1072 Animad.
1050 1024 1099 1072 aa
1138 1031 1287 1072 Charit.
1317 1045 1357 1084 p.
1390 1043 1485 1083 375.
1517 1034 1827 1085 interpretatur,

308 1093 456 1126 inuitae
474 1115 485 1134 ‚
524 1099 686 1140 magnae
717 1087 876 1136 caedis3
914 1101 1054 1128 verum
1084 1089 1378 1141 conparationis
1408 1091 1492 1136 vis,
1530 1089 1569 1128 &
1597 1090 1678 1141 ipsa
1705 1092 1829 1132 verba

306 1144 548 1195 redarguunt
578 1145 961 1197 interpretationem.
1022 1144 1188 1185 Rec‘tius
1218 1146 1346 1186 multo
1376 1155 1493 1186 vetus
1524 1144 1685 1185 Bar-thia·
1700 1146 1824 1187 Scho-

308 1200 461 1240 liastes:
500 1200 629 1241 caedis
659 1201 854 1252 maj0rum
883 1202 1169 1250 animantium3
1207 1202 1246 1242 &
1274 1200 1539 1242 Lanannus:
1576 1202 1721 1251 Tauri,
1759 1211 1827 1254 aut

305 1257 490 1297 hominis.
550 1256 644 1298 Nec
667 1260 780 1299 aliter
802 1258 1007 1311 usurpavit
1033 1258 1197 1298 Gratius
1219 1258 1373 1313 Cyneg.
1399 1272 1438 1299 v.
1470 1261 1561 1308 164.

527 1324 630 1365 Tune
659 1323 709 1371 &⁹
737 1324 938 1379 mansuetis
967 1334 1046 1367 tuto
1068 1324 1186 1378 ferus
1214 1335 1324 1367 errat
1353 1326 1507 1367 adulter

523 1381 571 1421 In
592 1380 777 1436 stabulis,
809 1382 980 1436 ultroque
1006 1383 1144 1434 gravis
1163 1380 1362 1436 succedere
1390 1383 1513 1435 tigrin

521 1437 634 1492 Ausa
663 1440 787 1487 canis,
817 1439 966 1492 majore
996 1439 1086 1480 tulit
1116 1438 1159 1480 de
1187 1439 1374 1492 sanguine
1396 1438 1541 1493 fetum.

303 1507 372 1546 ubi
408 1504 445 1546 T
441 1507 559 1547 itius:
595 1507 892 1560 praestantiori,
929 1504 1121 1548 nobiliori
1150 1517 1309 1560 genere.
1362 1508 1562 1548 ‘Similiter
1588 1501 1713 1563 major
1732 1506 1823 1563 san-

302 1564 386 1617 guis
415 1563 470 1604 cst
499 1564 696 1611 nobilior,
727 1565 976 1617 generosior,
1007 1563 1112 1615 apud
1141 1562 1311 1603 Statium
1339 1563 1471 1604 Theb.
1502 1575 1545 1612 v,
1578 1575 1644 1615 25.

517 1629 618 1679 Dic,
648 1631 730 1684 quis
747 1629 797 1677 ἐξ
813 1632 874 1672 ille
886 1633 1030 1685 pater?
1057 1643 1170 1685 neque
1187 1633 1281 1672 enim
1298 1632 1369 1672 tibi
1383 1633 1538 1673 numina
1554 1632 1681 1685 longe,

524 1686 736 1741 Transterit
756 1687 926 1741 fortuna
954 1690 1060 1736 licet,
1090 1689 1284 1742 majorque
1306 1697 1379 1741 per
1407 1701 1477 1729 ora

517 1745 712 1800 Sanguis,
751 1742 801 1792 &⁴³
830 1744 981 1799 adflicto
1000 1744 1133 1801 spirat
1161 1746 1380 1786 reverentia
1409 1745 1535 1786 vultu.

299 1811 392 1855 Nec
424 1822 554 1854 tamen
583 1825 770 1867 negamus
800 1827 1026 1866 quenquam
1056 1815 1159 1862 esse,
1197 1816 1265 1865 qui
1293 1825 1427 1865 niagno
1445 1812 1634 1866 sanguine
1661 1811 1821 1854 dixerit.

300 1871 464 1911 Etenim
486 1871 540 1912 sic
564 1872 721 1911 locutus
747 1870 802 1911 est
826 1870 1001 1912 Sidonius
1023 1871 1129 1923 apud
1149 1870 1374 1911 Dorvilium
1390 1896 1404 1916 ‚
1449 1869 1488 1908 δε
1510 1870 1652 1913 melior
1681 1868 1820 1912 aanor

301 1925 483 1984 Justinus
506 1926 636 1972 XXII,
660 1938 738 1973 vu,
767 1930 802 1967 6.
843 1929 979 1968 iterato
1007 1925 1355 1980 Carthaginienses,
1393 1925 1557 1966 omnibus
1579 1926 1729 1966 viribus
1745 1926 1820 1967 bel-

300 1977 375 2024 luni
401 1985 553 2029 cientes,
590 1995 734 2036 magno
759 1985 951 2037 utriusque
976 1985 1159 2025 exercitus
1182 1983 1392 2038 sanguine,
1420 1983 1541 2034 gravi
1552 1982 1696 2035 praelio
1704 1981 1818 2036 supe-

299 2048 378 2080 rat.
411 2051 510 2090 quae
535 2039 584 2079 de
607 2053 717 2080 more
742 2043 790 2082 ab
815 2054 863 2081 eo
882 2041 1082 2094 descripsit
1102 2040 1331 2094 Orosiusrv,
1351 2041 1388 2080 6.
1421 2037 1582 2078 Parvus
1598 2037 1816 2094 etiamsan-

299 2098 383 2150 guis
406 2097 582 2137 occurrit
604 2097 710 2149 apud
734 2096 955 2145 Lucanum,
994 2099 1032 2138 ἃ
1056 2097 1299 2151 Propertium
1324 2097 1398 2144 111,
1423 2108 1506 2144 xlx,
1539 2106 1599 2144 19.

518 2166 717 2219 Sanguine
741 2172 820 2207 tani
843 2179 968 2220 parvo
992 2168 1074 2220 quis
1097 2168 1190 2208 enim
1214 2167 1414 2220 spargatur
1438 2165 1612 2206 amantis.

299 2245 339 2275 v.
371 2232 504 2273 Burin.
536 2234 584 2273 ad
612 2234 761 2275 Lucan.
794 2249 842 2283 11,
879 2238 968 2277 128.
987 2237 1025 2276 ὃς
1045 2233 1241 2289 Wopkens:
1261 2237 1301 2276 in
1320 2235 1414 2276 Obs.
1435 2234 1556 2275 Misc.
1575 2232 1687 2274 Nov.
1706 2231 1754 2273 T.
1773 2244 1811 2274 x.

299 2303 339 2343 p.
367 2292 459 2331 208.
500 2290 787 2332 Verumtamen
810 2293 908 2334 haec
932 2293 1111 2333 nondum
1135 2293 1232 2332 mihi
1257 2292 1495 2345 persuadent
1518 2291 1689 2343 optimos
1713 2291 1812 2341 poe'-

300 2357 357 2386 tas
387 2346 527 2386 dixisse
545 2375 556 2393 ,
594 2348 793 2395 tellurem,
837 2350 876 2389 δε
897 2347 1041 2402 fluvios
1069 2362 1199 2401 magno
1219 2347 1406 2403 sanguine
1434 2359 1598 2389 manare.
1662 2346 1810 2399 Quid?

296 2403 407 2457 quod
429 2415 451 2444 a
472 2415 536 2445 me
559 2403 656 2446 facit
678 2414 872 2460 perpetua
885 2407 1129 2461 permutatio
1143 2418 1314 2456 vocum,
1344 2417 1499 2460 magnus
1515 2405 1552 2448 &
1567 2404 1726 2452 multus,·
1757 2402 1807 2442 de

1731 2471 1808 2512 qua
