<?xml version="1.0" encoding="UTF-8"?>
<!DOCTYPE html PUBLIC "-//W3C//DTD XHTML 1.0 Transitional//EN"
    "http://www.w3.org/TR/xhtml1/DTD/xhtml1-transitional.dtd">
<html xmlns="http://www.w3.org/1999/xhtml" xml:lang="en" lang="en">
 <head>
  <title>
</title>
<meta http-equiv="Content-Type" content="text/html;charset=utf-8" />
  <meta name='ocr-system' content='tesseract 3.04.00' />
  <meta name='ocr-capabilities' content='ocr_page ocr_carea ocr_par ocr_line ocrx_word'/>
</head>
<body>
  <div class='ocr_page' id='page_1' title='image "./joschraderiliber00schruoft_0268.png"; bbox 0 0 2070 2740; ppageno 0'>
   <div class='ocr_carea' id='block_1_1' title="bbox 316 155 1664 213">
    <p class='ocr_par' dir='ltr' id='par_1_1' title="bbox 316 155 1664 213">
     <span class='ocr_line' id='line_1_1' title="bbox 316 155 1664 213; baseline -0.004 -9"><span class='ocrx_word' id='word_1_1' title='bbox 316 176 391 213; x_wconf 85' lang='lat'><strong>192</strong></span> <span class='ocrx_word' id='word_1_2' title='bbox 561 155 1664 201; x_wconf 88' lang='lat' dir='ltr'><strong>EMENDATIONUM</strong></span> 
     </span>
    </p>
   </div>
   <div class='ocr_carea' id='block_1_2' title="bbox 313 275 1814 388">
    <p class='ocr_par' dir='ltr' id='par_1_2' title="bbox 313 275 1814 388">
     <span class='ocr_line' id='line_1_2' title="bbox 313 275 1814 334; baseline -0.005 -9"><span class='ocrx_word' id='word_1_3' title='bbox 313 296 412 325; x_wconf 88' lang='lat' dir='ltr'><strong>vero</strong></span> <span class='ocrx_word' id='word_1_4' title='bbox 441 277 666 334; x_wconf 65' lang='lat' dir='ltr'><strong>IWWofius,</strong></span> <span class='ocrx_word' id='word_1_5' title='bbox 699 279 903 328; x_wconf 83' lang='lat' dir='ltr'><strong>antiquum</strong></span> <span class='ocrx_word' id='word_1_6' title='bbox 928 277 1136 323; x_wconf 78' lang='lat' dir='ltr'><strong>obtinens,</strong></span> <span class='ocrx_word' id='word_1_7' title='bbox 1167 277 1209 316; x_wconf 87' lang='lat' dir='ltr'><strong>in</strong></span> <span class='ocrx_word' id='word_1_8' title='bbox 1232 275 1404 329; x_wconf 88' lang='lat' dir='ltr'><strong>Ephem.</strong></span> <span class='ocrx_word' id='word_1_9' title='bbox 1421 276 1565 318; x_wconf 90' lang='lat' dir='ltr'><strong>Duisb.</strong></span> <span class='ocrx_word' id='word_1_10' title='bbox 1582 288 1758 329; x_wconf 53' lang='lat'>&amp;17514</span> <span class='ocrx_word' id='word_1_11' title='bbox 1774 290 1814 319; x_wconf 90' lang='lat' dir='ltr'><strong>n.</strong></span> 
     </span>
     <span class='ocr_line' id='line_1_3' title="bbox 318 335 1087 388; baseline -0.012 -7"><span class='ocrx_word' id='word_1_12' title='bbox 318 353 382 381; x_wconf 83' lang='lat'><strong>20.</strong></span> <span class='ocrx_word' id='word_1_13' title='bbox 414 340 562 385; x_wconf 83' lang='lat' dir='ltr'><strong>servat,</strong></span> <span class='ocrx_word' id='word_1_14' title='bbox 592 337 658 377; x_wconf 89' lang='lat' dir='ltr'><strong>sed</strong></span> <span class='ocrx_word' id='word_1_15' title='bbox 672 336 780 388; x_wconf 87' lang='lat' dir='ltr'><strong>prius</strong></span> <span class='ocrx_word' id='word_1_16' title='bbox 806 335 858 374; x_wconf 86' lang='lat' dir='ltr'><strong>ita</strong></span> <span class='ocrx_word' id='word_1_17' title='bbox 874 343 1087 374; x_wconf 84' lang='lat' dir='ltr'><strong>mutatum:</strong></span> 
     </span>
    </p>
   </div>
   <div class='ocr_carea' id='block_1_3' title="bbox 539 430 1574 541">
    <p class='ocr_par' dir='ltr' id='par_1_3' title="bbox 539 430 1574 541">
     <span class='ocr_line' id='line_1_4' title="bbox 539 430 1574 488; baseline -0.003 -15"><span class='ocrx_word' id='word_1_18' title='bbox 539 434 622 488; x_wconf 89' lang='lat' dir='ltr'><strong>Qui</strong></span> <span class='ocrx_word' id='word_1_19' title='bbox 638 434 786 485; x_wconf 84' lang='lat' dir='ltr'>rapitur</span> <span class='ocrx_word' id='word_1_20' title='bbox 801 432 946 476; x_wconf 77' lang='lat' dir='ltr'><strong>ventis,</strong></span> <span class='ocrx_word' id='word_1_21' title='bbox 977 430 1071 480; x_wconf 88' lang='lat' dir='ltr'><strong>quid</strong></span> <span class='ocrx_word' id='word_1_22' title='bbox 1087 441 1241 482; x_wconf 86' lang='lat' dir='ltr'><strong>praeter</strong></span> <span class='ocrx_word' id='word_1_23' title='bbox 1257 431 1371 471; x_wconf 82' lang='lat' dir='ltr'><strong>litora</strong></span> <span class='ocrx_word' id='word_1_24' title='bbox 1389 431 1538 485; x_wconf 76' lang='lat' dir='ltr'><strong>quaerit</strong></span> <span class='ocrx_word' id='word_1_25' title='bbox 1555 431 1574 470; x_wconf 74' lang='lat'><strong>‚9</strong></span> 
     </span>
     <span class='ocr_line' id='line_1_5' title="bbox 596 486 1315 541; baseline -0.004 -12"><span class='ocrx_word' id='word_1_26' title='bbox 596 490 721 541; x_wconf 80' lang='lat' dir='ltr'><strong>Saepe</strong></span> <span class='ocrx_word' id='word_1_27' title='bbox 737 488 818 527; x_wconf 79' lang='lat' dir='ltr'><strong>licet</strong></span> <span class='ocrx_word' id='word_1_28' title='bbox 834 487 959 526; x_wconf 78' lang='lat' dir='ltr'><strong>multis</strong></span> <span class='ocrx_word' id='word_1_29' title='bbox 977 486 1105 539; x_wconf 87' lang='lat' dir='ltr'><strong>aspera</strong></span> <span class='ocrx_word' id='word_1_30' title='bbox 1121 486 1205 540; x_wconf 82' lang='lat' dir='ltr'><strong>visa</strong></span> <span class='ocrx_word' id='word_1_31' title='bbox 1221 488 1315 527; x_wconf 78' lang='lat' dir='ltr'><strong>locis.</strong></span> 
     </span>
    </p>
   </div>
   <div class='ocr_carea' id='block_1_4' title="bbox 314 579 1819 748">
    <p class='ocr_par' dir='ltr' id='par_1_4' title="bbox 314 579 1819 748">
     <span class='ocr_line' id='line_1_6' title="bbox 314 579 1817 637; baseline -0.002 -13"><span class='ocrx_word' id='word_1_32' title='bbox 314 583 404 637; x_wconf 84' lang='lat' dir='ltr'><strong>Ego</strong></span> <span class='ocrx_word' id='word_1_33' title='bbox 421 584 641 624; x_wconf 83' lang='lat' dir='ltr'>subirascor</span> <span class='ocrx_word' id='word_1_34' title='bbox 657 582 827 622; x_wconf 86' lang='lat' dir='ltr'><strong>hominis</strong></span> <span class='ocrx_word' id='word_1_35' title='bbox 853 579 1123 620; x_wconf 84' lang='lat' dir='ltr'><strong>obstinationi.</strong></span> <span class='ocrx_word' id='word_1_36' title='bbox 1185 579 1287 634; x_wconf 85' lang='lat' dir='ltr'><strong>Quis</strong></span> <span class='ocrx_word' id='word_1_37' title='bbox 1311 581 1445 627; x_wconf 64' lang='lat' dir='ltr'><strong>enim,</strong></span> <span class='ocrx_word' id='word_1_38' title='bbox 1471 581 1542 621; x_wconf 81' lang='lat' dir='ltr'><strong>nisi</strong></span> <span class='ocrx_word' id='word_1_39' title='bbox 1559 582 1674 632; x_wconf 87' lang='lat' dir='ltr'><strong>plane</strong></span> <span class='ocrx_word' id='word_1_40' title='bbox 1690 581 1817 633; x_wconf 87' lang='lat' dir='ltr'><strong>plum-</strong></span> 
     </span>
     <span class='ocr_line' id='line_1_7' title="bbox 314 636 1819 690; baseline -0.003 -10"><span class='ocrx_word' id='word_1_41' title='bbox 314 641 411 680; x_wconf 85' lang='lat' dir='ltr'><strong>beus</strong></span> <span class='ocrx_word' id='word_1_42' title='bbox 436 641 482 680; x_wconf 83' lang='lat' dir='ltr'><strong>sit</strong></span> <span class='ocrx_word' id='word_1_43' title='bbox 508 641 548 678; x_wconf 86' lang='lat' dir='ltr'><strong>in</strong></span> <span class='ocrx_word' id='word_1_44' title='bbox 571 639 751 685; x_wconf 84' lang='lat' dir='ltr'><strong>Criticis,</strong></span> <span class='ocrx_word' id='word_1_45' title='bbox 794 637 973 683; x_wconf 84' lang='lat' dir='ltr'><strong>dubitet,</strong></span> <span class='ocrx_word' id='word_1_46' title='bbox 1006 637 1102 687; x_wconf 89' lang='lat' dir='ltr'><strong>quin</strong></span> <span class='ocrx_word' id='word_1_47' title='bbox 1126 637 1275 675; x_wconf 87' lang='lat' dir='ltr'><strong>nebulo</strong></span> <span class='ocrx_word' id='word_1_48' title='bbox 1299 637 1406 688; x_wconf 86' lang='lat' dir='ltr'><strong>prius</strong></span> <span class='ocrx_word' id='word_1_49' title='bbox 1431 636 1627 678; x_wconf 90' lang='lat' dir='ltr'>distichon</span> <span class='ocrx_word' id='word_1_50' title='bbox 1651 649 1672 677; x_wconf 93' lang='lat' dir='ltr'><strong>e</strong></span> <span class='ocrx_word' id='word_1_51' title='bbox 1688 636 1819 690; x_wconf 87' lang='lat' dir='ltr'><strong>poste·</strong></span> 
     </span>
     <span class='ocr_line' id='line_1_8' title="bbox 315 692 1536 748; baseline -0.003 -12"><span class='ocrx_word' id='word_1_52' title='bbox 315 697 420 736; x_wconf 78' lang='lat' dir='ltr'><strong>tiore</strong></span> <span class='ocrx_word' id='word_1_53' title='bbox 437 695 698 736; x_wconf 76' lang='lat' dir='ltr'><strong>conflaverit?</strong></span> <span class='ocrx_word' id='word_1_54' title='bbox 732 694 833 748; x_wconf 86' lang='lat' dir='ltr'><strong>Quis</strong></span> <span class='ocrx_word' id='word_1_55' title='bbox 850 703 981 734; x_wconf 84' lang='lat' dir='ltr'><strong>autem</strong></span> <span class='ocrx_word' id='word_1_56' title='bbox 1001 692 1133 732; x_wconf 82' lang='lat' dir='ltr'><strong>credat</strong></span> <span class='ocrx_word' id='word_1_57' title='bbox 1148 693 1326 732; x_wconf 83' lang='lat' dir='ltr'>librarios</span> <span class='ocrx_word' id='word_1_58' title='bbox 1344 704 1366 732; x_wconf 87' lang='lat' dir='ltr'><strong>e</strong></span> <span class='ocrx_word' id='word_1_59' title='bbox 1381 693 1536 740; x_wconf 87' lang='lat' dir='ltr'><strong>verbis,</strong></span> 
     </span>
    </p>
   </div>
   <div class='ocr_carea' id='block_1_5' title="bbox 312 784 1405 978">
    <p class='ocr_par' dir='ltr' id='par_1_5' title="bbox 312 784 1405 978">
     <span class='ocr_line' id='line_1_9' title="bbox 596 784 1335 841; baseline -0.004 -14"><span class='ocrx_word' id='word_1_60' title='bbox 596 786 710 841; x_wconf 79' lang='lat' dir='ltr'><strong>Saepe</strong></span> <span class='ocrx_word' id='word_1_61' title='bbox 734 787 817 827; x_wconf 78' lang='lat' dir='ltr'><strong>licet</strong></span> <span class='ocrx_word' id='word_1_62' title='bbox 832 786 957 827; x_wconf 80' lang='lat' dir='ltr'><strong>multis</strong></span> <span class='ocrx_word' id='word_1_63' title='bbox 973 784 1106 840; x_wconf 64' lang='lat' dir='ltr'><strong>aspera</strong></span> <span class='ocrx_word' id='word_1_64' title='bbox 1124 784 1208 838; x_wconf 66' lang='lat' dir='ltr'><strong>msa</strong></span> <span class='ocrx_word' id='word_1_65' title='bbox 1227 784 1335 832; x_wconf 79' lang='lat' dir='ltr'><strong>locis,</strong></span> 
     </span>
     <span class='ocr_line' id='line_1_10' title="bbox 312 855 469 904; baseline 0 -8"><span class='ocrx_word' id='word_1_66' title='bbox 312 855 469 904; x_wconf 83' lang='lat' dir='ltr'><strong>fecisse,</strong></span> 
     </span>
     <span class='ocr_line' id='line_1_11' title="bbox 538 918 1405 978; baseline -0.005 -14"><span class='ocrx_word' id='word_1_67' title='bbox 538 939 540 941; x_wconf 93' lang='lat'>·</span> <span class='ocrx_word' id='word_1_68' title='bbox 592 922 711 978; x_wconf 73' lang='lat' dir='ltr'><strong>Saepe</strong></span> <span class='ocrx_word' id='word_1_69' title='bbox 736 931 838 964; x_wconf 76' lang='lat' dir='ltr'><strong>creat</strong></span> <span class='ocrx_word' id='word_1_70' title='bbox 858 923 978 964; x_wconf 83' lang='lat' dir='ltr'><strong>molles</strong></span> <span class='ocrx_word' id='word_1_71' title='bbox 996 920 1128 975; x_wconf 79' lang='lat' dir='ltr'><strong>aspera</strong></span> <span class='ocrx_word' id='word_1_72' title='bbox 1137 919 1252 974; x_wconf 65' lang='lat' dir='ltr'><strong>spina</strong></span> <span class='ocrx_word' id='word_1_73' title='bbox 1271 918 1405 974; x_wconf 72' lang='lat' dir='ltr'><strong>rosas?</strong></span> 
     </span>
    </p>
   </div>
   <div class='ocr_carea' id='block_1_6' title="bbox 314 1013 1829 1627">
    <p class='ocr_par' dir='ltr' id='par_1_6' title="bbox 314 1013 1828 1343">
     <span class='ocr_line' id='line_1_12' title="bbox 314 1013 1824 1069; baseline -0.003 -11"><span class='ocrx_word' id='word_1_74' title='bbox 314 1017 379 1058; x_wconf 89' lang='lat' dir='ltr'><strong>Ad</strong></span> <span class='ocrx_word' id='word_1_75' title='bbox 396 1018 512 1057; x_wconf 86' lang='lat' dir='ltr'><strong>hasce</strong></span> <span class='ocrx_word' id='word_1_76' title='bbox 529 1017 794 1058; x_wconf 65' lang='lat' dir='ltr'><strong>correffiones</strong></span> <span class='ocrx_word' id='word_1_77' title='bbox 812 1017 971 1069; x_wconf 79' lang='lat' dir='ltr'><strong>adjungi</strong></span> <span class='ocrx_word' id='word_1_78' title='bbox 988 1016 1204 1056; x_wconf 70' lang='lat' dir='ltr'><strong>simillimae</strong></span> <span class='ocrx_word' id='word_1_79' title='bbox 1220 1013 1400 1067; x_wconf 85' lang='lat' dir='ltr'><strong>poffunt,</strong></span> <span class='ocrx_word' id='word_1_80' title='bbox 1432 1025 1525 1064; x_wconf 84' lang='lat' dir='ltr'><strong>quas</strong></span> <span class='ocrx_word' id='word_1_81' title='bbox 1544 1014 1584 1055; x_wconf 87' lang='lat' dir='ltr'><strong>in</strong></span> <span class='ocrx_word' id='word_1_82' title='bbox 1604 1013 1716 1062; x_wconf 74' lang='lat' dir='ltr'><strong>Silio,</strong></span> <span class='ocrx_word' id='word_1_83' title='bbox 1737 1013 1824 1054; x_wconf 73' lang='lat' dir='ltr'><em>Sta-</em></span> 
     </span>
     <span class='ocr_line' id='line_1_13' title="bbox 316 1070 1824 1128; baseline -0.002 -15"><span class='ocrx_word' id='word_1_84' title='bbox 316 1076 367 1115; x_wconf 84' lang='lat' dir='ltr'><strong>tio</strong></span> <span class='ocrx_word' id='word_1_85' title='bbox 384 1099 397 1120; x_wconf 85' lang='lat'>‚</span> <span class='ocrx_word' id='word_1_86' title='bbox 438 1072 656 1128; x_wconf 72' lang='lat' dir='ltr'><strong>JuvenuIe,</strong></span> <span class='ocrx_word' id='word_1_87' title='bbox 694 1072 731 1112; x_wconf 70' lang='grc' dir='ltr'><strong>δε</strong></span> <span class='ocrx_word' id='word_1_88' title='bbox 754 1074 837 1112; x_wconf 90' lang='lat' dir='ltr'><strong>aliis</strong></span> <span class='ocrx_word' id='word_1_89' title='bbox 863 1072 988 1117; x_wconf 81' lang='lat' dir='ltr'><strong>fecit;</strong></span> <span class='ocrx_word' id='word_1_90' title='bbox 1025 1071 1091 1110; x_wconf 89' lang='lat' dir='ltr'><strong>sed</strong></span> <span class='ocrx_word' id='word_1_91' title='bbox 1116 1072 1259 1127; x_wconf 72' lang='lat' dir='ltr'><strong>oniitto</strong></span> <span class='ocrx_word' id='word_1_92' title='bbox 1278 1098 1290 1116; x_wconf 88' lang='lat'>‚</span> <span class='ocrx_word' id='word_1_93' title='bbox 1332 1082 1382 1109; x_wconf 89' lang='lat' dir='ltr'><strong>ne</strong></span> <span class='ocrx_word' id='word_1_94' title='bbox 1406 1070 1502 1120; x_wconf 89' lang='lat' dir='ltr'><strong>quid</strong></span> <span class='ocrx_word' id='word_1_95' title='bbox 1527 1071 1824 1122; x_wconf 87' lang='lat' dir='ltr'><strong>injucunditatis</strong></span> 
     </span>
     <span class='ocr_line' id='line_1_14' title="bbox 317 1127 1827 1182; baseline -0.002 -13"><span class='ocrx_word' id='word_1_96' title='bbox 317 1130 458 1170; x_wconf 86' lang='lat' dir='ltr'><strong>habeat</strong></span> <span class='ocrx_word' id='word_1_97' title='bbox 481 1132 597 1182; x_wconf 81' lang='lat' dir='ltr'><strong>longa</strong></span> <span class='ocrx_word' id='word_1_98' title='bbox 620 1129 885 1181; x_wconf 78' lang='lat' dir='ltr'><strong>reprehensio.</strong></span> <span class='ocrx_word' id='word_1_99' title='bbox 955 1128 1119 1179; x_wconf 86' lang='lat' dir='ltr'><strong>Quippe</strong></span> <span class='ocrx_word' id='word_1_100' title='bbox 1142 1127 1392 1177; x_wconf 84' lang='lat' dir='ltr'><strong>perspicuum</strong></span> <span class='ocrx_word' id='word_1_101' title='bbox 1415 1136 1537 1176; x_wconf 85' lang='lat' dir='ltr'><strong>puto,</strong></span> <span class='ocrx_word' id='word_1_102' title='bbox 1569 1127 1725 1177; x_wconf 82' lang='lat' dir='ltr'><strong>pessime</strong></span> <span class='ocrx_word' id='word_1_103' title='bbox 1744 1138 1827 1166; x_wconf 86' lang='lat' dir='ltr'><strong>rem</strong></span> 
     </span>
     <span class='ocr_line' id='line_1_15' title="bbox 316 1179 1828 1239; baseline -0.003 -14"><span class='ocrx_word' id='word_1_104' title='bbox 316 1186 477 1239; x_wconf 75' lang='lat' dir='ltr'><strong>gerere,</strong></span> <span class='ocrx_word' id='word_1_105' title='bbox 508 1187 575 1236; x_wconf 87' lang='lat' dir='ltr'><strong>qui</strong></span> <span class='ocrx_word' id='word_1_106' title='bbox 600 1186 750 1237; x_wconf 84' lang='lat' dir='ltr'><strong>semper</strong></span> <span class='ocrx_word' id='word_1_107' title='bbox 776 1185 979 1228; x_wconf 83' lang='lat' dir='ltr'><strong>laborent,</strong></span> <span class='ocrx_word' id='word_1_108' title='bbox 1018 1181 1352 1230; x_wconf 81' lang='lat' dir='ltr'><strong>quemadmodum</strong></span> <span class='ocrx_word' id='word_1_109' title='bbox 1377 1179 1506 1220; x_wconf 85' lang='lat' dir='ltr'><strong>versus</strong></span> <span class='ocrx_word' id='word_1_110' title='bbox 1530 1184 1673 1221; x_wconf 84' lang='lat' dir='ltr'><strong>merito</strong></span> <span class='ocrx_word' id='word_1_111' title='bbox 1697 1181 1828 1234; x_wconf 86' lang='lat' dir='ltr'><strong>suspe-</strong></span> 
     </span>
     <span class='ocr_line' id='line_1_16' title="bbox 319 1236 1828 1294; baseline -0.002 -13"><span class='ocrx_word' id='word_1_112' title='bbox 319 1242 427 1288; x_wconf 60' lang='lat' dir='ltr'><strong>ctos,</strong></span> <span class='ocrx_word' id='word_1_113' title='bbox 458 1251 498 1280; x_wconf 87' lang='lat' dir='ltr'><strong>et</strong></span> <span class='ocrx_word' id='word_1_114' title='bbox 521 1243 560 1281; x_wconf 91' lang='lat' dir='ltr'><strong>in</strong></span> <span class='ocrx_word' id='word_1_115' title='bbox 585 1241 823 1294; x_wconf 81' lang='lat' dir='ltr'>marginibus</span> <span class='ocrx_word' id='word_1_116' title='bbox 847 1240 1044 1278; x_wconf 84' lang='lat' dir='ltr'><strong>bonorum</strong></span> <span class='ocrx_word' id='word_1_117' title='bbox 1068 1236 1256 1277; x_wconf 82' lang='lat' dir='ltr'><strong>librorum</strong></span> <span class='ocrx_word' id='word_1_118' title='bbox 1280 1236 1468 1291; x_wconf 87' lang='lat' dir='ltr'><strong>scriptos,</strong></span> <span class='ocrx_word' id='word_1_119' title='bbox 1502 1247 1620 1288; x_wconf 86' lang='lat' dir='ltr'><strong>atque</strong></span> <span class='ocrx_word' id='word_1_120' title='bbox 1644 1237 1743 1278; x_wconf 85' lang='lat' dir='ltr'><strong>adeo</strong></span> <span class='ocrx_word' id='word_1_121' title='bbox 1759 1250 1828 1291; x_wconf 91' lang='lat' dir='ltr'><strong>pe-</strong></span> 
     </span>
     <span class='ocr_line' id='line_1_17' title="bbox 321 1297 893 1343; baseline -0.005 -6"><span class='ocrx_word' id='word_1_122' title='bbox 321 1299 426 1337; x_wconf 85' lang='lat' dir='ltr'><strong>nitus</strong></span> <span class='ocrx_word' id='word_1_123' title='bbox 459 1297 638 1343; x_wconf 77' lang='lat' dir='ltr'><strong>omissbs,</strong></span> <span class='ocrx_word' id='word_1_124' title='bbox 684 1297 893 1336; x_wconf 80' lang='lat' dir='ltr'><strong>retineant.</strong></span> 
     </span>
    </p>

    <p class='ocr_par' dir='ltr' id='par_1_7' title="bbox 319 1349 1829 1627">
     <span class='ocr_line' id='line_1_18' title="bbox 374 1349 1827 1404; baseline -0.002 -11"><span class='ocrx_word' id='word_1_125' title='bbox 374 1354 466 1393; x_wconf 87' lang='lat' dir='ltr'><strong>Nec</strong></span> <span class='ocrx_word' id='word_1_126' title='bbox 483 1363 612 1393; x_wconf 84' lang='lat' dir='ltr'><strong>tamen</strong></span> <span class='ocrx_word' id='word_1_127' title='bbox 632 1352 778 1404; x_wconf 72' lang='lat' dir='ltr'><strong>JJeinfiz&#39;</strong></span> <span class='ocrx_word' id='word_1_128' title='bbox 794 1349 983 1392; x_wconf 85' lang='lat' dir='ltr'><strong>studiosus</strong></span> <span class='ocrx_word' id='word_1_129' title='bbox 1009 1363 1053 1390; x_wconf 87' lang='lat' dir='ltr'><strong>ac</strong></span> <span class='ocrx_word' id='word_1_130' title='bbox 1077 1349 1209 1390; x_wconf 79' lang='lat' dir='ltr'>fautor</span> <span class='ocrx_word' id='word_1_131' title='bbox 1228 1361 1364 1390; x_wconf 87' lang='lat' dir='ltr'><strong>omnes</strong></span> <span class='ocrx_word' id='word_1_132' title='bbox 1385 1350 1499 1402; x_wconf 85' lang='lat' dir='ltr'><strong>hujus</strong></span> <span class='ocrx_word' id='word_1_133' title='bbox 1516 1350 1668 1401; x_wconf 84' lang='lat' dir='ltr'><strong>generis</strong></span> <span class='ocrx_word' id='word_1_134' title='bbox 1695 1363 1827 1392; x_wconf 87' lang='lat' dir='ltr'><strong>corre-</strong></span> 
     </span>
     <span class='ocr_line' id='line_1_19' title="bbox 319 1404 1825 1461; baseline -0.001 -13"><span class='ocrx_word' id='word_1_135' title='bbox 319 1408 493 1456; x_wconf 72' lang='lat' dir='ltr'><strong>ffiones,</strong></span> <span class='ocrx_word' id='word_1_136' title='bbox 525 1411 573 1449; x_wconf 85' lang='lat' dir='ltr'><strong>ab</strong></span> <span class='ocrx_word' id='word_1_137' title='bbox 591 1409 791 1461; x_wconf 83' lang='lat' dir='ltr'><strong>ingenioso</strong></span> <span class='ocrx_word' id='word_1_138' title='bbox 810 1409 897 1448; x_wconf 89' lang='lat' dir='ltr'><strong>viro</strong></span> <span class='ocrx_word' id='word_1_139' title='bbox 914 1406 1270 1458; x_wconf 67' lang='lat' dir='ltr'><strong>fa&amp;as,app1·obo;</strong></span> <span class='ocrx_word' id='word_1_140' title='bbox 1289 1407 1434 1459; x_wconf 88' lang='lat' dir='ltr'><strong>quippe</strong></span> <span class='ocrx_word' id='word_1_141' title='bbox 1451 1406 1517 1457; x_wconf 88' lang='lat' dir='ltr'><strong>qui</strong></span> <span class='ocrx_word' id='word_1_142' title='bbox 1532 1404 1657 1447; x_wconf 79' lang='lat' dir='ltr'><strong>fatear</strong></span> <span class='ocrx_word' id='word_1_143' title='bbox 1677 1408 1714 1446; x_wconf 88' lang='lat' dir='ltr'><strong>in</strong></span> <span class='ocrx_word' id='word_1_144' title='bbox 1734 1420 1825 1447; x_wconf 86' lang='lat' dir='ltr'><strong>con-</strong></span> 
     </span>
     <span class='ocr_line' id='line_1_20' title="bbox 320 1460 1826 1517; baseline 0 -14"><span class='ocrx_word' id='word_1_145' title='bbox 320 1467 451 1517; x_wconf 83' lang='lat' dir='ltr'><strong>plures</strong></span> <span class='ocrx_word' id='word_1_146' title='bbox 478 1466 618 1505; x_wconf 82' lang='lat' dir='ltr'><strong>cadcre</strong></span> <span class='ocrx_word' id='word_1_147' title='bbox 649 1464 746 1503; x_wconf 88' lang='lat' dir='ltr'><strong>illud</strong></span> <span class='ocrx_word' id='word_1_148' title='bbox 771 1465 914 1516; x_wconf 58' lang='lat' dir='ltr'><strong>poetae</strong></span> <span class='ocrx_word' id='word_1_149' title='bbox 946 1463 1230 1503; x_wconf 68' lang='lat' dir='ltr'><strong>Cordubensis:</strong></span> <span class='ocrx_word' id='word_1_150' title='bbox 1272 1461 1438 1514; x_wconf 80' lang='lat' dir='ltr'><strong>Excesfit</strong></span> <span class='ocrx_word' id='word_1_151' title='bbox 1470 1460 1646 1502; x_wconf 76' lang='lat' dir='ltr'><strong>medicina</strong></span> <span class='ocrx_word' id='word_1_152' title='bbox 1671 1462 1826 1503; x_wconf 76' lang='lat' dir='ltr'><strong>modum.</strong></span> 
     </span>
     <span class='ocr_line' id='line_1_21' title="bbox 320 1518 1829 1573; baseline -0.001 -13"><span class='ocrx_word' id='word_1_153' title='bbox 320 1522 451 1567; x_wconf 84' lang='lat' dir='ltr'>Nam,</span> <span class='ocrx_word' id='word_1_154' title='bbox 487 1534 534 1560; x_wconf 87' lang='lat' dir='ltr'><strong>ne</strong></span> <span class='ocrx_word' id='word_1_155' title='bbox 567 1521 694 1560; x_wconf 81' lang='lat' dir='ltr'><strong>dicam</strong></span> <span class='ocrx_word' id='word_1_156' title='bbox 713 1521 761 1559; x_wconf 87' lang='lat' dir='ltr'><strong>de</strong></span> <span class='ocrx_word' id='word_1_157' title='bbox 786 1520 966 1568; x_wconf 75' lang='lat' dir='ltr'><strong>singulis,</strong></span> <span class='ocrx_word' id='word_1_158' title='bbox 999 1519 1197 1557; x_wconf 85' lang='lat' dir='ltr'><strong>interdum</strong></span> <span class='ocrx_word' id='word_1_159' title='bbox 1221 1518 1356 1557; x_wconf 86' lang='lat' dir='ltr'><strong>versus</strong></span> <span class='ocrx_word' id='word_1_160' title='bbox 1381 1518 1527 1568; x_wconf 83' lang='lat' dir='ltr'><strong>ejecit,</strong></span> <span class='ocrx_word' id='word_1_161' title='bbox 1565 1519 1631 1567; x_wconf 88' lang='lat' dir='ltr'><strong>qui</strong></span> <span class='ocrx_word' id='word_1_162' title='bbox 1650 1546 1663 1565; x_wconf 81' lang='lat'>‚</span> <span class='ocrx_word' id='word_1_163' title='bbox 1706 1532 1829 1573; x_wconf 65' lang='lat' dir='ltr'><strong>parva</strong></span> 
     </span>
     <span class='ocr_line' id='line_1_22' title="bbox 321 1573 1620 1627; baseline -0.004 -10"><span class='ocrx_word' id='word_1_164' title='bbox 321 1579 540 1617; x_wconf 82' lang='lat' dir='ltr'><strong>mutatione</strong></span> <span class='ocrx_word' id='word_1_165' title='bbox 558 1575 681 1622; x_wconf 55' lang='lat' dir='ltr'><strong>faeta,</strong></span> <span class='ocrx_word' id='word_1_166' title='bbox 712 1577 873 1615; x_wconf 82' lang='lat' dir='ltr'><strong>retineri</strong></span> <span class='ocrx_word' id='word_1_167' title='bbox 888 1582 1114 1627; x_wconf 86' lang='lat' dir='ltr'><strong>potuerant.</strong></span> <span class='ocrx_word' id='word_1_168' title='bbox 1173 1574 1238 1613; x_wconf 87' lang='lat' dir='ltr'><strong>Sic</strong></span> <span class='ocrx_word' id='word_1_169' title='bbox 1254 1573 1422 1612; x_wconf 69' lang='lat' dir='ltr'><strong>Metam.</strong></span> <span class='ocrx_word' id='word_1_170' title='bbox 1447 1585 1506 1620; x_wconf 76' lang='lat' dir='ltr'><strong>vi,</strong></span> <span class='ocrx_word' id='word_1_171' title='bbox 1527 1584 1620 1624; x_wconf 80' lang='lat'><strong>537.</strong></span> 
     </span>
    </p>
   </div>
   <div class='ocr_carea' id='block_1_7' title="bbox 546 1663 1652 1776">
    <p class='ocr_par' dir='ltr' id='par_1_8' title="bbox 546 1663 1652 1776">
     <span class='ocr_line' id='line_1_23' title="bbox 546 1663 1388 1720; baseline -0.002 -13"><span class='ocrx_word' id='word_1_172' title='bbox 546 1669 682 1707; x_wconf 73' lang='lat' dir='ltr'><strong>Omnia</strong></span> <span class='ocrx_word' id='word_1_173' title='bbox 700 1665 860 1720; x_wconf 73' lang='lat' dir='ltr'><strong>turbasti</strong></span> <span class='ocrx_word' id='word_1_174' title='bbox 871 1693 883 1713; x_wconf 84' lang='lat'>‚</span> <span class='ocrx_word' id='word_1_175' title='bbox 912 1666 1031 1718; x_wconf 80' lang='lat' dir='ltr'><strong>pellex</strong></span> <span class='ocrx_word' id='word_1_176' title='bbox 1047 1663 1232 1718; x_wconf 65' lang='lat' dir='ltr'><strong>egofafta</strong></span> <span class='ocrx_word' id='word_1_177' title='bbox 1241 1663 1388 1718; x_wconf 71' lang='lat' dir='ltr'><strong>fiirori:</strong></span> 
     </span>
     <span class='ocr_line' id='line_1_24' title="bbox 554 1721 1652 1776; baseline -0.002 -13"><span class='ocrx_word' id='word_1_178' title='bbox 554 1723 609 1764; x_wconf 78' lang='lat' dir='ltr'><strong>Tu</strong></span> <span class='ocrx_word' id='word_1_179' title='bbox 624 1725 788 1776; x_wconf 81' lang='lat' dir='ltr'><strong>geminus</strong></span> <span class='ocrx_word' id='word_1_180' title='bbox 807 1723 949 1775; x_wconf 80' lang='lat' dir='ltr'><strong>conjux.</strong></span> <span class='ocrx_word' id='word_1_181' title='bbox 983 1721 1085 1775; x_wconf 87' lang='lat' dir='ltr'><strong>[non</strong></span> <span class='ocrx_word' id='word_1_182' title='bbox 1109 1723 1207 1762; x_wconf 78' lang='lat' dir='ltr'><strong>haec</strong></span> <span class='ocrx_word' id='word_1_183' title='bbox 1224 1722 1320 1762; x_wconf 88' lang='lat' dir='ltr'><strong>mihi</strong></span> <span class='ocrx_word' id='word_1_184' title='bbox 1338 1721 1471 1762; x_wconf 88' lang='lat' dir='ltr'><strong>debita</strong></span> <span class='ocrx_word' id='word_1_185' title='bbox 1485 1722 1652 1775; x_wconf 66' lang='lat' dir='ltr'><strong>poena]</strong></span> 
     </span>
    </p>
   </div>
   <div class='ocr_carea' id='block_1_8' title="bbox 325 1816 1831 2040">
    <p class='ocr_par' dir='ltr' id='par_1_9' title="bbox 325 1816 1831 2040">
     <span class='ocr_line' id='line_1_25' title="bbox 325 1816 1831 1873; baseline 0 -13"><span class='ocrx_word' id='word_1_186' title='bbox 325 1848 354 1868; x_wconf 79' lang='lat'>„</span> <span class='ocrx_word' id='word_1_187' title='bbox 385 1820 671 1861; x_wconf 85' lang='lat' dir='ltr'><strong>hemistichium</strong></span> <span class='ocrx_word' id='word_1_188' title='bbox 695 1829 807 1873; x_wconf 83' lang='lat' dir='ltr'><strong>putat</strong></span> <span class='ocrx_word' id='word_1_189' title='bbox 831 1819 1008 1860; x_wconf 84' lang='lat' dir='ltr'><strong>additum</strong></span> <span class='ocrx_word' id='word_1_190' title='bbox 1033 1831 1055 1858; x_wconf 92' lang='lat' dir='ltr'>a</span> <span class='ocrx_word' id='word_1_191' title='bbox 1078 1819 1222 1865; x_wconf 87' lang='lat' dir='ltr'><strong>sciolo,</strong></span> <span class='ocrx_word' id='word_1_192' title='bbox 1254 1819 1292 1859; x_wconf 66' lang='grc' dir='ltr'>ἃ</span> <span class='ocrx_word' id='word_1_193' title='bbox 1315 1820 1495 1859; x_wconf 83' lang='lat' dir='ltr'><strong>lacunam</strong></span> <span class='ocrx_word' id='word_1_194' title='bbox 1512 1816 1588 1858; x_wconf 81' lang='lat' dir='ltr'><strong>effe</strong></span> <span class='ocrx_word' id='word_1_195' title='bbox 1604 1820 1831 1871; x_wconf 84' lang='lat' dir='ltr'><strong>relinquen·</strong></span> 
     </span>
     <span class='ocr_line' id='line_1_26' title="bbox 326 1874 1828 1927; baseline 0.001 -12"><span class='ocrx_word' id='word_1_196' title='bbox 326 1904 355 1923; x_wconf 78' lang='lat'><strong>„</strong></span> <span class='ocrx_word' id='word_1_197' title='bbox 388 1876 486 1916; x_wconf 81' lang='lat' dir='ltr'>dam.</span> <span class='ocrx_word' id='word_1_198' title='bbox 509 1904 537 1923; x_wconf 73' lang='lat'><strong>‚,</strong></span> <span class='ocrx_word' id='word_1_199' title='bbox 575 1876 675 1924; x_wconf 85' lang='lat' dir='ltr'><strong>Sed,</strong></span> <span class='ocrx_word' id='word_1_200' title='bbox 706 1887 749 1916; x_wconf 90' lang='lat' dir='ltr'><strong>ut</strong></span> <span class='ocrx_word' id='word_1_201' title='bbox 766 1878 913 1916; x_wconf 81' lang='lat' dir='ltr'><strong>mittam</strong></span> <span class='ocrx_word' id='word_1_202' title='bbox 940 1877 988 1915; x_wconf 87' lang='lat' dir='ltr'><strong>de</strong></span> <span class='ocrx_word' id='word_1_203' title='bbox 1004 1876 1098 1915; x_wconf 80' lang='lat' dir='ltr'><strong>falsa</strong></span> <span class='ocrx_word' id='word_1_204' title='bbox 1115 1875 1369 1915; x_wconf 88' lang='lat' dir='ltr'><strong>dimidiorum</strong></span> <span class='ocrx_word' id='word_1_205' title='bbox 1387 1874 1568 1914; x_wconf 88' lang='lat' dir='ltr'><strong>versuum</strong></span> <span class='ocrx_word' id='word_1_206' title='bbox 1584 1874 1828 1927; x_wconf 84' lang='lat' dir='ltr'><strong>suspicione,</strong></span> 
     </span>
     <span class='ocr_line' id='line_1_27' title="bbox 328 1928 1830 1985; baseline 0.001 -15"><span class='ocrx_word' id='word_1_207' title='bbox 328 1935 506 1984; x_wconf 79' lang='lat' dir='ltr'><strong>plerique</strong></span> <span class='ocrx_word' id='word_1_208' title='bbox 523 1933 612 1971; x_wconf 85' lang='lat' dir='ltr'><strong>libri</strong></span> <span class='ocrx_word' id='word_1_209' title='bbox 630 1943 783 1971; x_wconf 81' lang='lat' dir='ltr'><strong>veteres</strong></span> <span class='ocrx_word' id='word_1_210' title='bbox 809 1932 1005 1978; x_wconf 78' lang='lat' dir='ltr'><strong>offerunt3</strong></span> <span class='ocrx_word' id='word_1_211' title='bbox 1039 1930 1158 1970; x_wconf 86' lang='lat' dir='ltr'><strong>hostis</strong></span> <span class='ocrx_word' id='word_1_212' title='bbox 1177 1943 1223 1968; x_wconf 87' lang='lat' dir='ltr'><strong>m.</strong></span> <span class='ocrx_word' id='word_1_213' title='bbox 1245 1929 1280 1969; x_wconf 86' lang='lat' dir='ltr'><strong>d.</strong></span> <span class='ocrx_word' id='word_1_214' title='bbox 1297 1938 1343 1982; x_wconf 82' lang='lat' dir='ltr'><strong>p:</strong></span> <span class='ocrx_word' id='word_1_215' title='bbox 1371 1931 1477 1970; x_wconf 86' lang='lat' dir='ltr'><strong>unde</strong></span> <span class='ocrx_word' id='word_1_216' title='bbox 1498 1928 1699 1985; x_wconf 67' lang='lat' dir='ltr'><strong>bVithofius</strong></span> <span class='ocrx_word' id='word_1_217' title='bbox 1715 1932 1830 1972; x_wconf 82' lang='lat' dir='ltr'><strong>Prac-</strong></span> 
     </span>
     <span class='ocr_line' id='line_1_28' title="bbox 327 1986 1250 2040; baseline -0.004 -12"><span class='ocrx_word' id='word_1_218' title='bbox 327 1997 420 2028; x_wconf 86' lang='lat' dir='ltr'><strong>met.</strong></span> <span class='ocrx_word' id='word_1_219' title='bbox 455 1988 573 2028; x_wconf 88' lang='lat' dir='ltr'><strong>Cruc.</strong></span> <span class='ocrx_word' id='word_1_220' title='bbox 608 1987 702 2027; x_wconf 84' lang='lat' dir='ltr'><strong>Crit.</strong></span> <span class='ocrx_word' id='word_1_221' title='bbox 733 2001 770 2040; x_wconf 82' lang='lat' dir='ltr'><strong>p.</strong></span> <span class='ocrx_word' id='word_1_222' title='bbox 811 1989 898 2026; x_wconf 79' lang='lat'>181.</span> <span class='ocrx_word' id='word_1_223' title='bbox 930 1986 1099 2026; x_wconf 80' lang='lat' dir='ltr'><strong>feliciter</strong></span> <span class='ocrx_word' id='word_1_224' title='bbox 1129 1987 1250 2026; x_wconf 87' lang='lat' dir='ltr'><strong>eruit:</strong></span> 
     </span>
    </p>
   </div>
   <div class='ocr_carea' id='block_1_9' title="bbox 992 2078 1541 2120">
    <p class='ocr_par' dir='ltr' id='par_1_10' title="bbox 992 2078 1541 2120">
     <span class='ocr_line' id='line_1_29' title="bbox 992 2078 1541 2120; baseline 0 -2"><span class='ocrx_word' id='word_1_225' title='bbox 992 2079 1112 2120; x_wconf 82' lang='lat' dir='ltr'><strong>hostis</strong></span> <span class='ocrx_word' id='word_1_226' title='bbox 1132 2080 1221 2119; x_wconf 75' lang='lat' dir='ltr'><strong>mihi</strong></span> <span class='ocrx_word' id='word_1_227' title='bbox 1238 2078 1360 2119; x_wconf 75' lang='lat' dir='ltr'><strong>dehita</strong></span> <span class='ocrx_word' id='word_1_228' title='bbox 1376 2079 1541 2120; x_wconf 84' lang='lat' dir='ltr'><strong>Procne.</strong></span> 
     </span>
    </p>
   </div>
   <div class='ocr_carea' id='block_1_10' title="bbox 384 2171 1641 2321">
    <p class='ocr_par' dir='ltr' id='par_1_11' title="bbox 384 2171 1641 2321">
     <span class='ocr_line' id='line_1_30' title="bbox 384 2171 1639 2226; baseline 0 -14"><span class='ocrx_word' id='word_1_229' title='bbox 384 2173 491 2214; x_wconf 79' lang='lat' dir='ltr'><strong>Idem</strong></span> <span class='ocrx_word' id='word_1_230' title='bbox 509 2186 547 2226; x_wconf 88' lang='lat' dir='ltr'><strong>p.</strong></span> <span class='ocrx_word' id='word_1_231' title='bbox 572 2186 586 2213; x_wconf 92' lang='lat'>1</span> <span class='ocrx_word' id='word_1_232' title='bbox 599 2175 661 2214; x_wconf 83' lang='lat'><strong>82.</strong></span> <span class='ocrx_word' id='word_1_233' title='bbox 694 2173 849 2213; x_wconf 82' lang='lat' dir='ltr'><strong>versum</strong></span> <span class='ocrx_word' id='word_1_234' title='bbox 867 2171 995 2214; x_wconf 76' lang='lat' dir='ltr'><strong>eidem</strong></span> <span class='ocrx_word' id='word_1_235' title='bbox 1014 2171 1237 2226; x_wconf 65' lang='lat' dir='ltr'><strong>suspeftum</strong></span> <span class='ocrx_word' id='word_1_236' title='bbox 1254 2172 1370 2212; x_wconf 85' lang='lat' dir='ltr'><strong>Trist.</strong></span> <span class='ocrx_word' id='word_1_237' title='bbox 1390 2172 1462 2220; x_wconf 83' lang='lat'>111,</span> <span class='ocrx_word' id='word_1_238' title='bbox 1480 2184 1555 2220; x_wconf 78' lang='lat' dir='ltr'><strong>xii,</strong></span> <span class='ocrx_word' id='word_1_239' title='bbox 1574 2184 1639 2224; x_wconf 82' lang='lat'><strong>52.</strong></span> 
     </span>
     <span class='ocr_line' id='line_1_31' title="bbox 611 2240 1641 2321; baseline 0.002 -15"><span class='ocrx_word' id='word_1_240' title='bbox 611 2267 630 2318; x_wconf 91' lang='lat'>[</span> <span class='ocrx_word' id='word_1_241' title='bbox 632 2240 799 2319; x_wconf 75' lang='lat' dir='ltr'><strong>Jamque</strong></span> <span class='ocrx_word' id='word_1_242' title='bbox 810 2267 832 2307; x_wconf 95' lang='lat' dir='ltr'>s</span> <span class='ocrx_word' id='word_1_243' title='bbox 829 2280 917 2310; x_wconf 87' lang='lat' dir='ltr'><strong>uum</strong></span> <span class='ocrx_word' id='word_1_244' title='bbox 937 2268 1032 2309; x_wconf 83' lang='lat' dir='ltr'><strong>mihi</strong></span> <span class='ocrx_word' id='word_1_245' title='bbox 1050 2267 1114 2308; x_wconf 84' lang='lat' dir='ltr'><strong>dat</strong></span> <span class='ocrx_word' id='word_1_246' title='bbox 1129 2280 1201 2320; x_wconf 84' lang='lat' dir='ltr'><strong>pro</strong></span> <span class='ocrx_word' id='word_1_247' title='bbox 1218 2269 1296 2308; x_wconf 82' lang='lat' dir='ltr'><strong>lare</strong></span> <span class='ocrx_word' id='word_1_248' title='bbox 1307 2266 1440 2309; x_wconf 84' lang='lat' dir='ltr'><strong>Poena</strong></span> <span class='ocrx_word' id='word_1_249' title='bbox 1455 2269 1590 2309; x_wconf 89' lang='lat' dir='ltr'><strong>locum</strong></span> <span class='ocrx_word' id='word_1_250' title='bbox 1600 2266 1641 2321; x_wconf 67' lang='grc' dir='ltr'><strong>ἓ]</strong></span> 
     </span>
    </p>
   </div>
   <div class='ocr_carea' id='block_1_11' title="bbox 1720 2375 1830 2418">
    <p class='ocr_par' dir='ltr' id='par_1_12' title="bbox 1720 2375 1830 2418">
     <span class='ocr_line' id='line_1_32' title="bbox 1720 2375 1830 2418; baseline -0.009 -13"><span class='ocrx_word' id='word_1_251' title='bbox 1720 2375 1830 2418; x_wconf 87' lang='lat' dir='ltr'><strong>prae-</strong></span> 
     </span>
    </p>
   </div>
  </div>
 </body>
</html>
