2070 2740
307 194 382 242 '50
503 170 1601 226 EMENDATIONVM

679 307 788 359 quod
813 316 851 346 te
870 305 996 359 potius
1018 300 1252 355 Rhamnufia
1275 299 1400 342 fallat.

325 400 514 459 Josephus
536 408 669 442 autem
693 396 864 448 Scaliger
886 405 1066 436 veterem
1090 392 1303 433 lee‘tionem
1326 391 1547 443 probabat:

490 491 616 535 Haud
636 488 793 544 fallor:
831 485 926 542 quod
954 493 989 526 te
1013 485 1166 538 potius,
1205 483 1437 537 Rhamnusia
1455 511 1467 530 ‚
1504 482 1656 523 fallam*

324 615 354 636 ‚‚
386 585 425 625 id
456 584 541 631 est,
580 584 730 633 inquit,
777 579 885 630 quod
913 579 1047 630 potius
1078 585 1117 615 te
1146 588 1312 628 precor,
1345 575 1609 620 Rhamnusia,
1640 580 1686 613 ut
1713 570 1838 614 fallar.

325 671 353 691 ‚‚
385 643 467 688 sse,
505 649 570 686 te,
609 637 786 689 Neptune
806 642 930 687 pater.
984 635 1184 684 eleganter
1213 633 1461 679 subticetur,
1493 639 1639 684 precor.
1671 658 1702 679 ‚,
1762 627 1842 672 Sed

323 701 396 742 fibi
427 699 569 738 habeat
598 695 684 735 istas
716 691 954 746 elegantias:
993 700 1066 741 ego
1091 690 1243 741 legam:

492 782 618 826 Haud
633 780 760 836 fallor
777 794 790 821 :
828 777 937 831 quod
960 786 1006 817 ut
1030 789 1054 817 o
1078 776 1211 828 potius
1230 802 1243 822 ‚
1281 772 1544 827 Rhamnusia„
1580 774 1719 816 fallar!

324 878 403 919 Pro
428 876 562 917 multis
589 871 829 926 argumentis
854 867 911 909 est
933 868 1133 921 appositus
1151 894 1164 914 ,
1203 866 1241 906 &
1263 865 1396 907 similis
1422 864 1541 917 ipsius
1565 864 1711 918 poetae
1727 864 1842 905 locus

326 936 430 975 Aen.
460 945 500 980 x,
522 932 616 972 628.

1247 997 1314 1031 aut
1337 1002 1399 1042 ego
1423 989 1510 1029 veri

497 1053 610 1096 Vana
632 1050 782 1106 ferar,
821 1050 930 1103 quod
957 1058 1003 1090 ut
1031 1060 1056 1089 ο
1085 1049 1218 1101 potius
1242 1046 1453 1099 formidine
1482 1045 1577 1085 falsa

491 1111 656 1158 Ludar,
693 1107 744 1157 ἐξ
772 1111 811 1149 in
840 1108 966 1148 melius
995 1114 1091 1153 tua,
1128 1106 1192 1158 qui
1214 1110 1346 1156 potes,
1384 1100 1468 1154 orsa
1497 1099 1700 1154 refleffas!

322 1205 457 1254 Nam,
489 1204 651 1259 fallar,
689 1204 783 1244 MS.
814 1203 929 1244 Bafil.
960 1202 1159 1247 firmatur,
1189 1199 1280 1250 qui,
1303 1194 1453 1250 fallor,
1484 1195 1659 1236 exhibet.
1717 1194 1842 1238 Hein-

318 1265 397 1318 fius
412 1291 425 1312 ,
463 1272 509 1302 ut
532 1275 639 1302 nune
662 1261 783 1301 video
801 1287 814 1307 ,
853 1260 1059 1298 tentabat:

492 1333 618 1376 Haud
631 1331 759 1387 fallor
776 1346 790 1373 .·
827 1340 944 1382 atque
969 1343 986 1371 o
1003 1328 1159 1382 potius,
1196 1323 1432 1378 Rhamnusia
1448 1352 1461 1372 ‚
1497 1323 1637 1365 fallar!

323 1434 391 1474 sed
418 1434 521 1474 hanc
551 1428 842 1472 correffionem
871 1438 991 1467 nemo
1020 1423 1176 1465 nostrae
1212 1420 1443 1474 praeferet,
1488 1421 1658 1460 maxime
1701 1419 1729 1460 si
1759 1421 1841 1461 val-

325 1492 376 1530 de
412 1489 608 1542 placuerit
644 1484 942 1539 ingeniofisfimi
973 1478 1204 1521 Marklandi
1232 1478 1426 1518 sententia
1454 1490 1551 1528 pro,
1583 1476 1839 1530 Rhamnusta‚

322 1545 576 1588 scribendum
598 1543 796 1596 putantis,
833 1537 1085 1592 Amathufia,
1122 1534 1172 1575 ad
1195 1533 1297 1576 Stat.
1325 1534 1435 1585 Sylv.
1462 1532 1517 1580 V,
1544 1546 1609 1581 111,
1630 1534 1723 1584 258.

378 1614 421 1644 v.
454 1612 549 1652 297-

492 1697 623 1751 Atque
648 1696 793 1737 utinam
819 1693 985 1740 Cereri,
1021 1703 1097 1732 nee
1121 1698 1268 1732 tantum
1290 1696 1408 1741 grata
1430 1687 1585 1729 Dianae

498 1754 668 1795 Venatus
692 1751 781 1806 ess&
804 1752 915 1802 virgo
930 1749 1080 1803 sestam
1102 1750 1310 1794 virorum;

495 1810 644 1863 Cnossta
669 1823 739 1851 neu
763 1807 912 1848 Partho
938 1805 1153 1846 contendens
1166 1804 1315 1857 spicula
1341 1815 1455 1844 cornu

490 1868 675 1909 Dic-“taem
697 1877 826 1916 ageres
847 1862 899 1902 ml
919 1863 1095 1913 grmnina
1117 1868 1205 1901 nota
1230 1859 1387 1911 capellas
1403 1872 1416 1898 .-

499 1922 706 1975 Nunquam
730 1929 808 1960 tam
832 1919 961 1958 obnixe
975 1916 1133 1969 fugiens
1157 1915 1302 1955 Minol's
1326 1927 1494 1961 amores,

495 1978 682 2033 Praeceps
705 1977 803 2019 aerii
816 1974 969 2029 specula
992 1973 1035 2013 de
1057 1974 1190 2014 montis
1213 1970 1358 2024 abisses.

326 2066 449 2108 Primi
472 2065 606 2105 versus
633 2064 738 2104 haud
763 2065 883 2104 dubie
908 2063 1085 2103 mendoss
1110 2062 1211 2103 sunt.
1271 2061 1380 2102 Nam
1404 2061 1536 2102 Diana
1552 2089 1564 2109 ‚
1602 2073 1686 2103 non
1708 2069 1841 2104 autem

327 2124 474 2169 Ceres,
504 2122 729 2162 venationis
753 2121 973 2161 habebatur
998 2119 1179 2160 studiosa.
1228 2115 1490 2159 Taubmamms
1512 2118 1673 2169 quidem
1696 2120 1749 2160 fic
1772 2131 1838 2161 ex·
1887 2111 1892 2125 Ι

324 2181 475 2233 plicat:
535 2207 564 2226 „
594 2178 760 2218 Utinam
782 2191 865 2218 non
890 2187 1042 2217 tantum
1066 2177 1239 2217 Dianam
1270 2176 1341 2215 tibi
1373 2176 1660 2224 demeruisses,
1703 2175 1770 2216 sed
1800 2176 1840 2216 δι’,

327 2264 359 2285 ,,
391 2235 607 2281 Cererem,
652 2246 752 2285 quae
782 2244 822 2275 te
852 2233 959 2274 forte
990 2235 1029 2273 in
1061 2235 1138 2273 alio
1169 2234 1332 2287 negotio
1364 2232 1623 2280 detinuisset,
1668 2244 1718 2272 ne
1741 2232 1837 2274 dum

327 2320 359 2341 ‚,
388 2293 552 2331 venatui
575 2291 754 2344 indulges
772 2319 785 2338 ‚
821 2302 921 2342 quae
944 2291 1122 2331 virorum
1144 2299 1274 2342 partes
1300 2289 1388 2329 sunt
1403 2318 1417 2337 ,
1461 2302 1482 2330 a
1503 2289 1649 2329 Minoe
1673 2289 1837 2342 conspe-

329 2376 360 2397 „
389 2346 480 2396 ela,
518 2349 556 2390 &
579 2345 794 2390 infeliciter
816 2356 942 2390 amata
964 2346 1131 2390 fuisses:
1168 2374 1198 2396 ,,
1227 2346 1295 2389 sed
1316 2347 1414 2389 hacc
1431 2374 1444 2396 ,
1481 2372 1511 2394 ‚,
1540 2357 1640 2398 quae
1665 2355 1704 2387 te
1726 2344 1837 2388 forte
