2070 2740
597 199 632 241 c
742 200 783 242 A
892 197 925 241 P
1035 199 1077 240 v
1187 200 1223 241 T
1417 205 1492 247 ix.
1687 213 1777 262 169,

239 327 339 368 quae
362 315 607 363 efficiuntur,
644 315 849 355 eveniunt.
868 340 898 360 ‚‚
944 311 986 351 Si
1010 313 1096 352 talis
1122 313 1407 364 interpretandi
1433 318 1594 360 licentia
1619 321 1757 370 detur,

239 376 340 415 nihil
364 375 460 419 erit,
491 373 600 423 quod
620 384 703 411 non
725 371 863 411 faciles
887 368 1032 409 habeat
1056 370 1288 420 explicatus.
1350 368 1386 410 E
1411 378 1610 417 contrario
1634 379 1760 433 Guye-

240 439 301 472 tus
324 430 428 471 haud
455 429 661 470 dubitabat
676 427 809 467 versus
828 434 988 480 όβελίζειν.
1027 433 1134 464 tanta
1151 435 1233 465 erat
1250 427 1498 481 intelligendi
1519 433 1754 485 desperatio.

241 486 321 529 Sed
344 487 504 528 immitis
528 486 586 526 est
609 483 753 524 medici
778 483 917 522 laesam
944 483 1123 535 corporis
1148 491 1324 534 partem,
1356 497 1457 535 quae
1474 487 1595 529 sanari
1614 494 1755 542 possit,

239 554 463 642 alsTtlpumre:
493 543 637 584 vulnus
661 549 793 581 autem
818 538 1021 593 Propertio
1045 538 1182 581 datum
1205 540 1258 581 fic
1283 543 1495 584 commode
1520 549 1646 588 curari
1665 559 1758 602 pot-

240 612 261 641 e
307 616 316 641 ε

460 705 522 748 At
538 706 629 748 mihi
638 734 650 753 ‚
680 704 778 759 quod
792 703 939 746 formas
955 716 1050 744 unus
1065 705 1251 746 vertebar
1268 706 1307 745 in
1326 718 1463 749 omnes
1477 738 1487 755 ‚

518 761 663 805 Nomen
679 762 894 803 Vertumni
911 763 1037 815 patria
1053 762 1186 816 lingua
1211 762 1346 811 dedit;

237 864 327 902 aut,

514 939 695 982 Nomina
705 938 920 980 Vertumni

234 1046 299 1092 ut,
331 1044 499 1091 nomina,
529 1055 626 1096 pro,
657 1055 829 1090 nomen,
861 1045 1038 1084 occurrit
1060 1056 1102 1083 v.
1122 1056 1189 1094 50.

517 1141 627 1185 Unde
642 1142 746 1185 hodie
766 1141 906 1185 Tuscus
919 1146 1084 1186 nomina
1099 1145 1212 1186 vicus
1229 1144 1360 1187 habet.

233 1240 268 1279 δε
290 1238 409 1279 ovid.
429 1238 461 1279 F
465 1237 531 1279 ast.
552 1249 610 1285 Ν,
631 1249 697 1288 70.

509 1328 569 1371 Et
586 1328 696 1382 quod
712 1328 832 1370 adhuc
859 1329 994 1371 Circes
1010 1330 1174 1370 nomina
1198 1330 1289 1370 litus
1306 1328 1438 1370 habet.

233 1429 388 1474 Caussas
404 1422 576 1473 nominis
592 1428 707 1470 Deus
725 1427 856 1470 adfert
872 1428 1020 1470 addens
1036 1430 1190 1483 semper
1205 1442 1355 1471 nomen
1371 1429 1588 1474 Vertumni
1604 1442 1644 1474 v.
1661 1441 1700 1481 9.

450 1518 534 1565 At,
560 1515 752 1572 postquam
770 1517 829 1556 ille
836 1516 920 1570 suis
937 1527 1102 1571 campum
1120 1516 1281 1573 conceffit
1304 1518 1486 1569 alumnis,

507 1574 758 1615 Vertumnus
775 1573 889 1615 Verso
907 1572 1009 1615 dicor
1026 1575 1074 1614 ab
1092 1586 1206 1615 amne
1221 1573 1341 1615 Deus.

230 1663 267 1703 δε
283 1675 336 1704 xi.

454 1752 527 1795 Seu
543 1753 632 1806 quia
649 1755 840 1794 vertentis
851 1751 1030 1806 frufftmn
1042 1757 1299 1808 praecepimus
1312 1759 1407 1798 anni
1417 1785 1429 1805 ‚

508 1811 725 1852 Vertumni
747 1809 885 1851 Tuscus
902 1811 1065 1852 credidit
1082 1810 1323 1868 qffiefiwrum.
1362 1866 1365 1868 Ι

228 1919 366 1972 Itaque
384 1918 421 1959 ὃς
436 1918 536 1983 hie,⁸
555 1920 623 1959 ubi
647 1931 783 1960 veram
805 1920 979 1960 nominis
1004 1919 1177 1960 caussam
1194 1920 1233 1961 se
1258 1920 1351 1967 dare
1371 1918 1513 1972 jac-tat,
1545 1916 1748 1962 Vertumni

227 1989 375 2029 nomen
390 1986 623 2029 requlritur:

451 2070 514 2112 At
530 2070 622 2110 mihi
632 2098 644 2118 ‚
675 2069 774 2124 quod
787 2069 936 2112 formas
955 2081 1050 2111 unus
1063 2072 1250 2112 vertebar
1267 2073 1307 2112 in
1325 2082 1488 2123 omnes,

505 2127 687 2169 Nomina
704 2127 920 2170 Vertumni
932 2128 1071 2181 patria
1083 2127 1218 2180 ¹lingua
1234 2126 1349 2170 dedit.

284 2229 353 2268 111,
384 2230 423 2271 7.

456 2310 508 2354 Te
523 2312 626 2356 modo
642 2314 824 2356 viderunt
841 2313 999 2355 iteratos
1014 2311 1164 2354 Βαέῖνα
1175 2320 1245 2365 per
1259 2319 1366 2357 ortus
1373 2324 1390 2364 ‚-

515 2369 567 2411 Te
581 2369 683 2413 modo
699 2371 839 2414 munito
856 2368 1131 2469 Sey-icusgostis
1145 2381 1232 2425 equo
1239 2384 1256 2421 ,·
1535 2412 1539 2417 ,
1588 2423 1729 2482 Hyber
