2070 2740
323 183 404 211 200
547 157 1656 205 EMENDATIONVM

320 285 390 325 ubi
408 293 540 323 tamen
563 281 687 320 multa
702 286 843 332 peccat
866 278 963 318 haec
986 285 1128 317 notans
1147 275 1194 315 ad
1212 288 1249 315 v.
1270 286 1371 326 305:
1403 302 1432 323 „
1450 276 1596 317 Aberat
1611 277 1675 317 hic
1692 276 1821 318 versus

322 369 352 388 „
386 353 406 379 a
430 339 663 379 Florentino
688 337 726 375 S.
754 334 903 375 Marci:
943 333 981 373 &
1005 343 1111 374 certe
1136 334 1278 372 mirum
1302 331 1428 372 videri
1451 332 1581 384 potest
1597 360 1609 379 ,
1640 335 1824 388 gratulari

323 425 352 444 ,‚
386 396 544 448 poetam
567 393 783 436 Thraciae,
815 391 883 430 ubi
907 390 1028 443 modo
1055 402 1091 428 v.
1121 391 1185 439 83.
1212 389 1397 440 Orpheus
1421 388 1631 435 docuerat,
1664 402 1824 429 amorem

321 481 350 500 „
381 454 419 492 in
444 459 583 491 teneros
605 445 822 499 transferre
838 458 977 492 mare5;
1010 446 1117 495 quasi
1133 445 1350 489 mdeeyw‘oe
1373 446 1501 484 minus
1524 444 1645 484 scelus
1670 445 1820 485 incesto

322 537 352 558 „
384 506 499 552 esset,
532 519 552 545 a
576 517 656 555 quo
681 513 811 542 tamen
836 502 873 541 se
897 502 1068 540 alienum
1094 500 1246 551 semper
1270 499 1441 540 ostendit
1456 501 1627 552 poeta„
1661 500 1823 554 Quippe

321 567 493 618 primum
519 573 598 601 non
622 560 740 612 po'eta
757 586 769 605 ‚
815 557 880 597 sed
904 557 984 609 ipse
1009 556 1218 608 Orpheus,
1257 555 1346 594 suae
1368 556 1562 612 Thraciae
1587 559 1829 610 gratulatum

322 623 436 666 dein,
463 628 505 658 ut
529 618 602 657 alia
627 628 707 655 non
734 625 910 668 tangam,
943 613 1092 664 semper
1114 612 1259 664 reperti
1283 611 1394 658 sunt,
1428 614 1494 662 qui
1521 612 1824 664 conjunffiones

320 685 528 730 parentum
546 685 635 713 cum
653 673 808 717 liberis,
827 671 914 722 jure
931 678 1091 709 naturae
1107 669 1272 714 vetitas,
1297 667 1550 719 damnarent3
1580 681 1733 709 amores
1758 681 1825 708 au-

321 744 401 772 tem
427 741 640 782 puerorum
666 727 866 767 laudarent
890 726 926 765 δε
952 726 1212 764 celebrarent.
1271 724 1485 773 Denique,
1510 726 1628 764 etiam
1648 725 1675 765 fi
1695 725 1827 765 versus

324 790 550 832 omittatur,
584 784 720 824 eadem
747 793 875 824 tamen
901 782 1091 821 sententia
1114 789 1260 820 manet.
1307 779 1348 820 Si
1363 779 1619 831 rejiciendus,
1648 783 1703 822 ob
1719 794 1828 817 wuro-

318 847 428 890 λογίαν
451 841 689 895 rejiciendus
710 840 776 880 est.
847 839 997 879 Sufficit
1013 838 1117 877 enim
1137 852 1145 877 :

550 934 735 975 Gratulor
754 934 836 973 huic
856 933 968 979 orbi,
999 930 1095 984 quod
1110 929 1208 986 abest
1225 931 1432 984 regionibus
1446 931 1544 980 illis,-

323 1042 423 1081 quae
454 1028 642 1082 scriptura
674 1027 821 1068 codicis
853 1026 969 1065 unius
1002 1024 1059 1064 est
1093 1023 1257 1064 venusta
1280 1023 1497 1065 Burmanno
1525 1024 1616 1065 visa.
1644 1024 1711 1066 sed
1735 1025 1831 1068 haec

325 1086 530 1127 haetenus.

379 1143 516 1192 Itaque
542 1142 639 1181 mihi
665 1141 924 1180 deliberatum
950 1139 1005 1179 est
1028 1140 1236 1179 nonnullas
1261 1138 1375 1187 huius
1394 1141 1545 1190 generis
1564 1138 1829 1180 correffiones

322 1202 362 1240 in
383 1197 656 1247 subsequentia
675 1195 907 1236 distribuere
923 1195 1063 1246 capita.
1128 1195 1216 1234 Diu
1240 1206 1305 1234 me
1321 1193 1510 1234 dubitasse
1527 1194 1678 1241 fateor,
1710 1208 1757 1234 an
1778 1204 1832 1234 at-

322 1258 515 1309 tingerem
542 1253 713 1293 Criticae
739 1261 911 1304 partem,
949 1262 1050 1302 quae
1074 1261 1234 1303 putatur
1258 1263 1336 1290 una
1360 1249 1434 1290 effe
1452 1252 1632 1291 omnium
1649 1251 1830 1291 difficilli-

322 1324 396 1352 ma.
458 1310 566 1350 Nam
592 1322 681 1349 cum
706 1319 787 1348 tora
815 1308 970 1348 constet
994 1320 1041 1348 ex
1068 1309 1182 1347 variis
1209 1307 1343 1347 studiis
1371 1306 1407 1346 &
1433 1308 1602 1355 artibus,
1631 1308 1669 1346 in
1688 1309 1831 1358 quibus

325 1368 485 1421 singulis
510 1367 704 1406 excellere
729 1364 884 1405 difficile
909 1363 964 1404 est
981 1392 994 1411 ,
1035 1374 1118 1404 tum
1145 1365 1185 1403 in
1212 1364 1285 1403 hac
1308 1362 1533 1415 praesertim
1557 1364 1761 1417 sagacitas,
1795 1364 1834 1404 ὅτ.

326 1423 518 1476 quaedam
536 1423 752 1467 divinatio,
779 1433 854 1460 nec
880 1421 1089 1461 mediocris
1116 1420 1325 1472 prudentia
1351 1421 1613 1470 requiruntur.
1684 1420 1832 1460 Move-

327 1481 396 1521 bar
421 1481 538 1518 etiam
565 1479 803 1518 clamoribus
828 1478 864 1517 δε
889 1478 1082 1517 conviciis
1107 1478 1351 1516 minutorum
1381 1475 1646 1523 Criticorum‚
1688 1477 1832 1527 quibus

328 1536 453 1577 invidi
472 1533 746 1574 consectantur
772 1534 1098 1586 ingeniosissimos
1123 1533 1325 1579 homines3
1357 1534 1525 1571 maxime
1544 1544 1642 1572 vero
1660 1531 1832 1573 deterre·

327 1594 396 1633 bar
422 1591 608 1642 exemplis
632 1589 871 1629 summorum
895 1590 1090 1634 virorum,
1125 1589 1237 1628 velut
1262 1586 1433 1638 Heinsii3
1464 1588 1608 1637 quibus
1635 1588 1748 1640 saepe
1765 1602 1832 1641 pa·

326 1661 413 1690 rum
430 1647 617 1699 prospere
635 1644 851 1686 successisse
868 1656 1069 1684 noveram.
1131 1642 1209 1683 Sed
1231 1655 1322 1682 cum
1343 1643 1500 1683 Criticis
1523 1645 1772 1685 nobilissimis
1796 1645 1834 1686 &

328 1705 466 1745 iisdem
492 1702 620 1754 poetis
645 1713 725 1741 non
749 1713 897 1753 paucos
923 1699 1149 1753 hujusmodi
1173 1699 1306 1740 versus
1332 1700 1473 1739 merito
1491 1698 1640 1740 notaffe
1657 1700 1833 1749 viderer,

331 1761 477 1800 diutius
496 1757 755 1798 dubitandum
771 1769 852 1798 non
869 1758 1028 1809 putavi,
1048 1757 1143 1807 quin
1160 1756 1384 1796 notationes
1403 1755 1583 1803 ederem,
1608 1755 1835 1807 caussasque

332 1817 626 1858 subscriberem.
694 1814 869 1854 Uberius
895 1823 1027 1853 autem
1052 1815 1193 1853 multas
1218 1813 1436 1865 explicavi,
1481 1823 1526 1853 ut
1550 1813 1772 1853 difficilibus
1797 1813 1835 1854 &

331 1873 495 1913 morosis
522 1871 828 1911 cumulatissime
850 1869 1125 1909 satisfacerem.
1200 1868 1301 1908 Non
1334 1868 1502 1908 deerunt
1527 1867 1656 1916 forte,
1691 1869 1835 1919 quibus

330 1929 548 1969 nonnnulla
574 1927 771 1966 rationum
797 1934 998 1964 momenta
1023 1926 1232 1964 videantur
1249 1925 1446 1976 perlevia:
1474 1924 1538 1964 sed
1555 1925 1633 1977 ipsa
1649 1925 1834 1966 sermonis

332 1985 550 2030 barbaries;
581 1982 733 2021 turbata
750 1993 878 2021 rerum
896 1981 1253 2031 sententiarumque
1271 1980 1407 2029 se1·ies;
1432 1982 1600 2020 violatae
1617 1982 1834 2022 carminum

334 2043 462 2089 lege&
488 2049 602 2089 atque
621 2038 718 2076 adeo
740 2039 959 2077 communis
976 2038 1181 2077 hominum
1198 2036 1326 2077 sensus
1344 2048 1503 2083 omnes,
1538 2037 1605 2077 nisi
1624 2038 1834 2088 plumbeos

333 2100 372 2136 in
391 2097 569 2141 Criticis,
604 2103 669 2133 aut
687 2094 800 2133 valde
817 2095 1056 2145 pertinaces,
1090 2093 1271 2133 confiteri
1292 2101 1458 2145 cogent,
1476 2094 1687 2146 plerosque
1702 2095 1834 2135 versus

334 2167 353 2191 a
382 2165 445 2192 me
465 2152 551 2202 jure
576 2150 776 2190 damnatos
801 2149 888 2189 ess'e.
950 2150 1181 2200 Utcumque
1200 2150 1295 2195 erit,
1327 2148 1507 2203 gaudebo
1528 2159 1655 2189 tamen
1681 2151 1833 2191 exhibi-

334 2218 389 2248 tas
406 2218 564 2261 aegroto
584 2207 619 2245 δε
637 2219 762 2258 prope
779 2207 983 2259 desperato
1000 2206 1142 2258 poetae
1162 2207 1382 2248 curationes
1401 2206 1642 2258 optimorum
1658 2207 1833 2248 medico-

333 2278 417 2305 rum
438 2263 622 2304 consensu
639 2264 808 2315 probari.

1741 2373 1829 2415 CA-
