2070 2740
527 147 1162 192 CAPVT
1369 149 1442 192 x1.
1648 167 1732 208 ιο,

437 267 485 308 Α
497 267 628 323 quibus
642 265 695 307 ad
709 265 840 307 coelum
857 262 1016 305 liventia
1032 265 1100 305 bra
1107 266 1189 307 chia
1208 266 1380 315 tendens,

441 322 623 371 Pascere,
655 320 834 369 crudelis,
864 319 1006 375 nostro,
1038 320 1214 369 Latona,
1248 321 1392 372 dolore,-

437 379 620 427 Pascere,
652 380 732 428 ait3
751 376 927 432 fittiaque
943 388 1017 416 meo
1036 383 1102 416 tua
1115 379 1267 431 pefftora
1285 378 1410 419 lustu.-

437 437 622 489 [Corque
640 435 771 476 ferum
789 434 903 480 satia,
937 432 1055 472 dixit:
1085 445 1157 485 per
1175 434 1317 474 funera
1333 434 1506 491 septem]

430 490 611 548 Efferor:
642 489 789 544 exsulta
797 503 813 539 ‚-
843 489 1058 543 vicirixque
1073 490 1220 531 inimica
1238 491 1443 545 triumpha.

208 581 387 638 Heinfius
409 585 458 625 ad
483 587 584 626 282:
623 611 652 632 „
673 584 776 625 Cum
799 585 858 624 ait
878 584 958 636 jam
981 583 1255 637 praecess'erit,
1287 588 1459 631 otiosum
1484 589 1540 630 est
1564 590 1643 631 hoc
1659 591 1719 632 lo-

208 667 238 689 „
268 644 308 682 lo
333 640 370 677 τδ
389 641 499 682 dixit.
526 653 646 693 quare
671 643 833 682 tollatur
857 653 948 682 meo
971 642 1151 693 periculo
1174 643 1241 683 hic
1261 646 1397 685 versus
1415 673 1428 694 ,
1465 658 1582 698 quem
1607 660 1717 689 com-

207 724 237 746 „
267 699 390 738 menti
414 698 525 746 sunt,
557 699 624 748 qui
649 710 730 738 non
754 699 1055 751 intelligebant,
1088 708 1279 749 quantum
1297 700 1391 741 esset
1407 705 1596 744 acuminis
1612 705 1653 743 in
1671 706 1717 745 il-

205 779 236 801 „
265 755 327 803 lo,
339 752 510 810 Efferor.
528 754 600 796 nisi
616 755 740 795 mavis
756 754 1065 807 praecedentem
1084 756 1227 804 tolli.„
1288 757 1367 798 Sed
1384 760 1687 810 antecedentes,

433 853 658 906 Corporibus
670 852 802 907 gelidis
817 855 1036 903 incumbit;
1069 853 1120 902 &²
1135 854 1261 897 ordine
1274 857 1373 900 nullo

433 910 573 951 Oscula
589 911 785 964 dispensat
800 919 908 954 natos
915 911 1097 967 suprema
1105 921 1178 966 per
1195 924 1322 954 omnes.

203 1011 347 1052 melius
371 1012 622 1052 conveniunt
645 1022 685 1052 v.
715 1013 810 1052 281.
870 1006 1053 1057 Pascere,
1084 1011 1158 1057 ait,
1189 1023 1306 1061 quam
1330 1010 1531 1062 sequenti,
1571 1012 1714 1070 Corque

195 1065 329 1120 ferum
345 1065 478 1120 satia,
518 1067 628 1108 dixit.
694 1066 856 1106 Deinde
880 1065 1066 1107 dimidius
1089 1066 1221 1108 versus
1247 1068 1327 1108 huc
1349 1070 1556 1111 translatus
1580 1071 1637 1113 est
1663 1083 1713 1115 ex

202 1124 399 1166 simillimo
418 1125 511 1165 loco
528 1122 607 1177 [1x,
631 1133 678 1174 17
685 1118 766 1174 5.]:

896 1221 1065 1262 tendens
1084 1221 1136 1264 ad
1140 1219 1271 1276 sidera
1283 1223 1451 1277 palmas,

427 1275 625 1325 Cladibus,
658 1276 860 1326 exclamat,
894 1276 1104 1326 Saturnia,
1137 1291 1297 1332 pascere
1313 1281 1476 1323 nostris:

421 1330 607 1375 Pascere:
639 1330 690 1380 ἕξ)
703 1336 796 1374 hanc
809 1333 941 1390 pestem
946 1333 1101 1390 Ᾱοεὲἶιι,
1132 1336 1324 1384 crudelis,
1354 1339 1403 1381 ab
1419 1339 1520 1381 alto:

431 1391 592 1442 Corque
608 1389 738 1432 ferum
753 1388 864 1432 satia:

198 1492 265 1543 qui
285 1502 375 1531 curn
391 1490 542 1544 pofitus
568 1489 665 1531 effet
682 1498 773 1531 ante
788 1491 926 1532 oculos
945 1485 1189 1544 Capoferrei,
1223 1498 1356 1532 tamen
1373 1492 1572 1547 corrigere
1591 1504 1710 1536 cona-

199 1558 261 1588 tus
279 1546 333 1589 est
718 1602 897 1657 satiaque
913 1613 987 1644 meo
1005 1610 1073 1644 tua
1088 1604 1238 1645 Iumina
1254 1605 1379 1653 habim,

424 1659 567 1714 Corque
575 1658 711 1713 ferum
718 1659 850 1713 satia,
884 1661 986 1700 vixi:

196 1761 420 1802 Servandus
442 1762 560 1815 igitur
583 1760 639 1801 est
664 1772 702 1800 v.
731 1761 827 1802 281.
853 1759 1044 1801 delendus
1061 1768 1194 1802 autem
1213 1764 1315 1803 282:
1345 1761 1456 1815 quod
1472 1762 1633 1806 inficeta
1649 1766 1708 1808 rei

195 1819 495 1869 verborumque
512 1818 697 1870 repetitio
707 1845 720 1866 ,

420 1908 602 1955 Pascere,
626 1909 700 1956 ait3
732 1909 895 1962 satiaque
917 1920 991 1949 meo
1009 1916 1078 1949 tua
1094 1908 1258 1962 pastore
1274 1911 1397 1953 lustu:

421 1966 572 2020 Corque
580 1962 716 2017 ferum
731 1965 846 2013 satia,
877 1965 976 2006 dixit
1001 1987 1092 1994 —-—

195 2059 261 2100 vel
287 2059 454 2098 maxime
478 2056 699 2099 confirmat.
766 2055 905 2104 Dixit,
943 2067 1073 2099 autem
1095 2060 1178 2111 peti
1194 2061 1328 2112 potuit
1343 2072 1377 2101 e.
1395 2071 1434 2100 v.
1456 2063 1550 2103 286.
1583 2057 1704 2102 Dixe-

194 2122 369 2214 ratijffgta
383 2111 611 2219 Ρθνζῖἷηθνα
619 2113 763 2168 septem
783 2110 959 2168 Efferor,
971 2126 993 2156 e
1010 2116 1103 2164 285·
1117 2114 1200 2170 post
1219 2124 1274 2158 tot
1292 2129 1430 2171 quoque
1437 2116 1587 2171 funera
1598 2118 1704 2158 vivo.

289 2185 300 2211 1
333 2201 343 2211 .
369 2184 447 2219 vir,
523 2200 532 2209 .

418 2249 508 2290 Ibat
524 2248 576 2290 ad
589 2251 762 2304 antiquas
780 2249 947 2290 Hecates
964 2250 1163 2305 Perseidos
1176 2265 1268 2293 aras
1279 2266 1293 2294 :

420 2306 528 2364 ,Quas
544 2319 668 2348 nemus
683 2305 914 2361 umbrosum,
934 2305 1154 2363 secretaque
1162 2309 1268 2362 silva
1284 2310 1445 2364 tegebat.
1652 2364 1694 2407 E

1694 2373 1712 2409 5
