2070 2740
314 168 1628 214 112EMENDATIONVM

312 287 359 314 an
375 287 452 314 una
467 273 592 328 frigus
609 285 743 314 arcere
760 286 842 313 non
858 276 1044 326 poterat?
1061 287 1178 326 quam
1194 275 1361 328 pulchre
1377 287 1475 318 vero
1492 276 1649 329 puellae
1666 278 1706 316 in
1723 279 1823 331 togis

311 331 545 383 prostitutae
577 331 769 372 convenit
799 329 996 371 incedere!
1042 332 1120 372 Sed
1150 333 1266 373 nimis
1297 333 1422 372 multa
1446 331 1495 372 de
1520 331 1691 372 lectione
1715 334 1824 373 libris

312 387 464 441 scriptis
488 398 755 443 repugnante,
801 389 882 429 fine
906 389 1049 439 quibus
1074 388 1154 441 ipse
1183 387 1345 444 Vulpius
1367 389 1469 435 nihil
1491 389 1725 432 mutandum
1749 387 1826 430 effe

314 447 473 486 clamat:
505 447 546 486 1'11
563 447 608 485 iis
627 446 735 485 enim
750 446 968 498 reperitur,

539 551 631 591 Sive
648 550 750 592 illam
769 551 863 592 Cois
873 549 1086 604 fulgentem
1102 551 1269 593 incedere
1285 555 1415 606 cogis,

313 661 401 706 vel,
439 656 604 698 incedere
628 658 742 709 togis.
811 656 950 709 Apage
981 656 1100 709 igitur
1124 665 1397 696 commentum
1423 654 1604 696 Beroaldi
1628 655 1828 710 Propertio

315 716 475 768 penitus
493 715 712 767 indignum.
773 709 1041 764 Broekhufius,
1060 724 1179 763 quem
1198 712 1383 753 Gesnerus
1399 712 1420 764 Γ
1423 714 1462 752 in
1479 713 1598 753 Thes.
1615 713 1665 754 L.
1683 714 1755 767 L.]
1774 715 1829 754 se-

315 782 430 812 cutus
449 771 525 818 est,
557 784 579 812 e
603 771 720 811 variis
745 767 985 810 leccionibus
1010 770 1112 809 hanc
1137 780 1272 809 veram
1294 781 1377 809 non
1394 769 1603 820 difficqlter
1620 772 1703 812 erui
1719 769 1834 825 poss'e-

318 829 519 869 censebat:

543 928 635 969 Sive
658 929 762 969 illam
788 928 881 969 Cois
898 927 1111 981 fulgentem
1128 927 1293 969 incedere
1318 931 1424 969 totis.

318 1040 449 1079 Aliter
465 1037 592 1079 visum
614 1036 770 1090 Vulfflo,
803 1036 840 1076 ὅτ.
856 1034 1155 1089 Hemslerhuli0‚
1187 1038 1254 1087 qui
1271 1046 1406 1077 notam
1423 1036 1694 1089 adscripserat:
1724 1063 1754 1083 ‚‚
1772 1036 1830 1076 ul-

318 1109 387 1137 cus
412 1094 573 1146 aliquod
597 1096 638 1135 in
661 1096 740 1134 hoc
756 1093 871 1134 versu
887 1095 1153 1134 inveteratum
1172 1095 1295 1133 latere
1313 1093 1472 1134 codices
1488 1093 1576 1133 satis
1593 1093 1829 1138 ostendunt,

319 1154 384 1192 cui
401 1160 608 1248 vereorssut
623 1149 871 1204 Broekhufius
887 1151 1109 1191 remedium
1127 1151 1274 1190 tulerit.
1293 1177 1322 1197 ‚,
1366 1150 1525 1190 Docuit
1540 1150 1701 1200 quidem
1716 1147 1833 1190 Nlar-

319 1208 445 1249 tialem
463 1208 542 1249 dixi
573 1206 597 1247 'e
608 1235 620 1254 ‚

627 1312 802 1354 Lucehat
821 1315 914 1354 totis
934 1326 1012 1354 cum
1029 1320 1219 1365 tegeretur
1235 1314 1344 1364 aquis
1363 1328 1371 1352 :
1396 1368 1400 1371 ᾖ

316 1420 383 1460 sed
399 1419 589 1460 debuerat
605 1419 752 1458 doecre
770 1419 935 1459 Latinos
953 1418 1130 1459 similiter
1148 1414 1304 1463 dixiss'e‚
1340 1415 1414 1456 Coa
1431 1423 1534 1463 tota,
1566 1416 1625 1463 ἃ,
1645 1415 1739 1456 Cois
1748 1413 1837 1469 ful-

315 1485 458 1529 gentem
475 1475 640 1516 incedere
659 1476 766 1515 totis.
828 1475 921 1515 Nec
938 1475 1185 1527 probabilior
1202 1473 1257 1513 est
1276 1472 1428 1525 Heinfii
1444 1471 1692 1526 conjectura,

543 1575 635 1616 Sive
652 1575 755 1614 illam
774 1575 917 1614 tunicis
927 1572 1141 1626 fulgentem
1158 1570 1324 1612 incedere
1341 1574 1448 1613 totis.

316 1681 432 1720 nimis
458 1679 563 1718 enim
581 1705 593 1725 ,
631 1688 681 1717 ne
705 1688 812 1716 nunc
837 1676 927 1715 alias
952 1676 1114 1715 afferam
1137 1676 1310 1715 rationes
1327 1702 1339 1722 ‚
1380 1687 1401 1714 a
1424 1672 1596 1727 vestigiis
1620 1674 1835 1727 scripturae

315 1736 478 1778 recedit.
539 1730 789 1780 Modestior,
822 1732 859 1772 &
875 1732 1121 1786 probabilior
1139 1731 1195 1771 est
1211 1732 1354 1779 altera,
1385 1743 1502 1783 quam
1521 1730 1632 1771 dedit
1649 1731 1697 1772 ad
1718 1731 1832 1786 Virg.

317 1795 419 1833 Aen.
437 1805 477 1840 x,
499 1802 592 1842 539.

543 1882 634 1922 Sive
651 1881 755 1921 illam
773 1882 867 1922 Cois
877 1879 1090 1934 fulgentem
1107 1881 1273 1922 incedere
1289 1890 1426 1921 totam.
1490 1874 1496 1878 ”

317 1975 381 2015 Sic
398 1974 503 2012 enim
525 1969 742 2023 Virgilius:

539 2066 667 2106 Totus
686 2066 900 2106 conlucens
918 2065 1048 2113 veste,
1080 2073 1190 2117 atque
1207 2065 1408 2118 insignibus
1423 2065 1562 2111 armis,-

315 2155 351 2195 &
373 2153 541 2196 Tibullus
557 2155 589 2202 Ι,
614 2168 627 2195 1
643 2168 677 2203 1,
698 2159 762 2206 69.

540 2252 669 2293 Totus
688 2249 738 2298 ἐξ
754 2259 917 2306 argento
935 2259 1169 2298 contextus,
1202 2258 1308 2290 totus
1326 2245 1376 2295 ἐξ)
1393 2261 1489 2290 auro

606 2307 771 2361 Instdeat
788 2309 896 2349 celeri
913 2306 1180 2361 conspiciendus
1195 2319 1303 2360 equo:

1755 2394 1821 2434 ubi
