2070 2740
338 131 420 172 230
552 117 1666 165 EMENDATIONVM

344 237 455 277 latur.
516 236 658 291 Quid?
689 235 797 288 quod
813 237 936 284 inter,
963 236 1050 276 Aut
1065 258 1150 264 ——-
1171 236 1233 277 vel
1249 260 1306 266 —-
1323 235 1412 279 Aut
1433 262 1486 268 —
1505 239 1633 279 minus
1650 248 1742 292 apte
1757 243 1855 294 poni

344 294 523 341 videtur,
571 291 696 347 thue
721 314 810 322 —-—
831 294 932 334 alas:
962 294 1056 333 licet
1074 294 1166 333 huic
1185 295 1442 335 incommodo
1467 296 1619 337 diversa
1636 295 1756 337 leffio
1774 309 1856 338 me-

345 350 504 396 deatur,
524 351 610 397 Ac,
635 350 738 390 velut
755 348 1011 390 Etracides--.
1035 348 1239 404 lVithofius
1258 359 1388 390 tamen
1401 379 1414 398 ‚
1433 353 1473 391 in
1493 353 1780 393 intolerabilem
1794 353 1855 404 ju-

345 407 458 445 venis
477 408 744 447 ·temeritatem
767 407 1027 446 vehementer
1050 407 1257 454 invectus,
1295 409 1335 448 in
1365 409 1517 448 Annot.
1544 408 1593 448 ad
1617 408 1728 449 Orat.
1752 409 1854 450 Fun.

343 462 630 503 Simmermanni
648 476 687 515 p.
705 465 774 511 46.
806 463 985 514 corrigit:

573 553 697 609 thue
709 562 846 607 parum
865 555 965 594 mitis
982 554 1204 595 Samiorum
1223 555 1356 608 inpune
1374 556 1553 608 dynastes

626 611 771 650 A'e'rias
789 611 957 651 volucres
978 612 1119 652 arbore
1128 608 1236 665 fixus
1256 611 1350 651 alas.

344 704 444 751 Sed,
476 713 521 744 ut
536 706 710 751 mittam,
728 703 837 755 quod
853 704 1010 745 historia
1029 704 1245 755 Polycratis
1265 706 1393 757 aptius
1410 713 1630 758 poneretur
1647 706 1744 748 adv.
1761 717 1855 758 299.

569 795 681 837 More
699 797 760 836 vel
778 797 939 836 intereas
957 797 1058 850 capti
1067 795 1264 850 suspensus
1280 797 1451 845 Achaei,

626 852 710 910 ‘Qu'
726 851 837 907 miser
854 851 1035 906 aurifhrd
1049 851 1136 905 teste
1147 853 1322 907 pependit
1340 854 1440 908 aqud
1448 868 1464 904 3

347 947 410 993 ἃ,
440 946 550 997 quod
575 947 719 999 po'e'tae
744 946 895 998 semper
926 945 1417 1000 refugerintavocabulo‚
1451 947 1639 1005 dynastes,
1671 951 1859 992 immanes

347 1004 541 1055 ejusmodi
572 1005 811 1043 mutationes
831 1001 1001 1050 referre,
1034 1003 1090 1044 est
1111 1002 1295 1045 refutare.
1366 1003 1423 1045 N.
1441 1005 1619 1060 Heinsius
1643 1009 1860 1050 conabatur

349 1060 580 1107 emendare,
608 1057 1064 1112 parummitisanguine;
1094 1061 1182 1107 vel,

585 1151 709 1206 thue
722 1146 858 1204 parum
874 1159 1057 1199 metuens,
1082 1152 1156 1205 fied
1171 1166 1240 1194 non
1256 1155 1424 1206 hripum,
1442 1154 1641 1195 Deorum.

349 1245 426 1286 Sed
445 1244 482 1285 ἃς
501 1245 567 1284 hic
583 1256 739 1297 operam
760 1243 796 1282 δε
811 1245 946 1284 oleum
963 1243 1146 1296 perdidit.
1208 1245 1267 1285 Ut
1283 1247 1388 1287 enim
1406 1256 1556 1287 taceam
1573 1246 1622 1286 de
1639 1249 1858 1290 mutat-ione

349 1315 430 1343 non
449 1302 676 1348 toleranda,
709 1301 940 1342 Promethei
954 1299 1192 1353 supplicium
1209 1314 1247 1343 v.
1267 1313 1362 1354 543.
1381 1312 1640 1345 memoratur:

579 1394 696 1436 Fixus
713 1393 761 1441 ἐξ)
778 1397 816 1435 in
835 1394 941 1436 duris
959 1396 1133 1449 carparis
1151 1395 1297 1449 viscera
1306 1395 1444 1450 saxis:

635 1450 690 1492 Ut
707 1453 765 1492 cui
784 1451 942 1506 Pyrrha
951 1451 1016 1505 sui
1027 1451 1116 1506 filia
1127 1451 1282 1505 fratris
1305 1462 1412 1495 erat:

350 1546 389 1584 in
406 1544 465 1583 his
485 1554 612 1584 autem
633 1544 741 1584 Diris
759 1545 879 1597 poeta
897 1545 956 1582 bis
974 1542 1078 1582 idem
1097 1554 1178 1582 non
1196 1543 1304 1583 dicit.

405 1601 625 1641 Prudenter
643 1602 773 1651 itaque
790 1599 964 1639 Sanffius
989 1598 1036 1638 ad
1057 1604 1152 1649 563.

582 1693 653 1732 Vel
668 1691 819 1739 videas,
850 1689 947 1744 quod
957 1691 1063 1745 jam,
1087 1689 1351 1744 cumflammae
1369 1693 1499 1733 σιιηὲῖα
1513 1700 1699 1744 tenerent,

631 1749 839 1789 Iler—”foreas
850 1748 984 1801 patria
1001 1745 1104 1787 vidit
1119 1748 1168 1788 ab
1186 1760 1272 1787 arce
1282 1756 1404 1802 puer:
1617 1769 1620 1772 ⁴

408 1871 437 1890 „
469 1843 656 1895 Suspicor
678 1841 757 1881 hoc
774 1840 987 1881 distichum
1004 1852 1086 1880 non
1106 1839 1180 1880 effe
1201 1840 1340 1882 Ovidii
1347 1869 1360 1889 ‚
1391 1841 1457 1882 sed
1478 1855 1500 1882 e
1518 1845 1690 1898 margine
1709 1845 1747 1884 in
1766 1857 1860 1886 con-

353 1928 382 1947 „
413 1909 563 1939 textum
596 1897 796 1949 irrepfiffe.
865 1898 970 1938 Nam
994 1897 1044 1936 de
1069 1896 1309 1946 Astyanacste
1333 1909 1355 1937 e
1379 1900 1476 1940 turri
1500 1902 1758 1953 praecipitato
1780 1902 1859 1953 jam

354 1984 383 2004 ‚‚
415 1965 526 1995 antea
545 1954 605 2007 [v.
630 1953 749 2005 496]
774 1953 922 1993 dietum
949 1953 1016 1992 est.
1036 1951 1219 1993 insulsum
1237 1953 1433 1995 distichon
1453 1954 1490 1994 δι
1507 1958 1652 1996 nullius
1670 1958 1858 2009 impreca-

353 2041 383 2060 „
418 2013 533 2051 tionis
567 2022 638 2050 nec
673 2010 810 2056 fahs„
841 2009 888 2049 ad
921 2009 1027 2060 quod
1051 2020 1324 2062 argumentum
1351 2013 1472 2052 multa
1494 2011 1653 2064 poffunt
1676 2013 1857 2067 adjungi,

354 2069 498 2120 quibus
523 2067 736 2119 ihgaciffimi
763 2068 837 2107 viri
863 2066 1054 2106 sententia
1078 2066 1354 2107 confirmetur:
1392 2067 1456 2107 sed
1481 2069 1520 2107 in
1546 2069 1605 2109 his
1631 2081 1712 2109 non
1731 2083 1858 2111 mora-

356 2128 451 2171 bor,
481 2137 603 2164 unum
622 2121 788 2176 posuiffe
811 2132 1040 2163 contentus:
1072 2123 1173 2163 inter
1195 2123 1374 2164 inseiices
1394 2124 1431 2164 &
1450 2124 1617 2166 incestos
1634 2137 1782 2168 amores
1799 2127 1859 2168 vi·

357 2182 438 2222 sum
457 2182 566 2234 pueri
584 2181 749 2232 pessime
767 2181 974 2220 collocari:

586 2273 667 2315 Nec
691 2275 781 2321 tibi,
807 2273 843 2327 st
860 2273 949 2326 quid
974 2287 1096 2322 amas,
1122 2272 1278 2328 felicius
1293 2275 1481 2318 Haemone
1497 2275 1626 2318 cedat:
1792 2331 1836 2372 U

1831 2341 1865 2375 t.
