2070 2740
569 149 1443 220 cAPv'r'v.
1692 190 1764 230 103

465 296 639 339 Flamma
655 299 776 339 nitore
783 297 853 352 fito
869 298 1085 350 templorum
1102 300 1287 339 verberat
1305 313 1439 340 aurum
1450 329 1464 350 ,

524 354 584 396 Et
599 357 797 396 tremulum
803 355 951 408 stamma
968 354 1110 406 spargit
1126 355 1165 394 in
1181 354 1269 395 aede
1280 356 1415 410 jubar.

472 411 519 453 V
513 411 644 467 estibus
661 413 814 452 intueris
834 409 872 449 T
867 410 1021 464 arpejas
1036 412 1117 451 itur
1132 412 1170 450 in
1187 424 1291 452 arces
1302 440 1315 460 ,

522 468 581 509 Et
590 468 748 520 populus
755 465 857 522 festo
875 467 1037 508 concolor
1054 465 1127 521 ipse
1134 467 1204 521 suo
1224 468 1299 510 est:

245 593 316 633 ubi
331 592 374 632 in
389 589 545 631 duobus
561 589 671 630 libris
688 590 835 642 pariter
850 588 1090 641 repositum,
1129 588 1317 629 verberet.

301 708 342 737 v.

302 801 483 848 Vereor,
520 809 566 840 ut
588 800 704 852 hujus
730 799 893 853 Elegiae
917 809 1093 841 mentem
1111 827 1123 848 ,
1161 809 1372 852 totumque
1397 802 1652 855 complexum
1676 802 1764 842 satis

246 859 518 899 intellexerint
534 857 790 909 Interpretes.
845 857 985 898 Gallus
1010 856 1255 910 Proper-timu
1278 858 1493 910 pallidum,
1524 869 1642 910 atque
1660 870 1768 899 ema-

248 918 395 957 ciatum
419 914 608 955 irridebat
631 915 713 965 ipse
738 913 972 954 deliciarum
995 914 1165 954 Veneris
1189 926 1328 966 expers
1353 915 1392 954 δε
1407 924 1653 955 contemtor:
1687 928 1767 966 quo

248 982 381 1013 tamen
404 971 582 1012 nostrum
605 978 824 1023 pungeret,
863 982 1003 1014 eorum
1027 971 1227 1010 amoribus
1252 971 1575 1011 interventurum
1598 972 1677 1011 sese
1695 973 1768 1012 mi-

249 1031 440 1074 nabatur,
479 1026 680 1078 ipsamque
705 1025 945 1077 cynthiam,
983 1027 1093 1078 cujus
1118 1026 1355 1079 potestatem
1378 1039 1519 1080 parum
1541 1028 1765 1081 pendebat,

248 1095 295 1125 ut
318 1085 443 1135 liquet
467 1095 515 1123 ex
539 1095 578 1123 v.
607 1095 627 1133 3
641 1095 672 1122 1.
705 1092 969 1124 tentaturum:
1000 1096 1091 1123 nam
1108 1083 1218 1134 quod
1235 1096 1397 1137 magnus
1416 1083 1588 1136 Scaliger
1605 1085 1767 1125 Gallum

248 1150 499 1195 precatorem
516 1141 587 1181 fibi
605 1139 710 1192 apud
729 1140 945 1192 Cynthiam
962 1140 1240 1194 &rogatorem
1257 1140 1462 1181 assumsisse
1478 1141 1697 1190 existimet,
1729 1142 1770 1182 id

244 1200 359 1239 nullo
376 1199 494 1250 plane
510 1196 678 1250 vestigio
696 1197 980 1248 deprehendas.
1049 1196 1236 1238 Invidum
1252 1199 1372 1252 igitur
1390 1198 1552 1238 Gallum
1570 1199 1764 1251 appellat,

247 1257 316 1306 qui
341 1256 445 1295 bene
470 1254 680 1306 compositi
703 1255 807 1306 paris
832 1254 989 1294 cursum
1011 1255 1265 1307 interpellare
1288 1267 1372 1295 non
1395 1265 1625 1302 vereretur,
1657 1268 1769 1296 eum-

248 1323 327 1364 que
350 1322 472 1352 voces
497 1310 585 1351 istas
608 1310 792 1351 molestas
818 1311 1070 1363 compescere
1090 1311 1224 1363 jubet:
1256 1311 1488 1352 dehortatur
1504 1321 1637 1352 autem
1654 1314 1767 1353 illum

247 1381 270 1408 a
299 1369 505 1421 propofito
530 1380 574 1407 ac
599 1367 772 1407 deterret
794 1369 967 1420 primum
992 1368 1289 1408 vehementiam
1313 1369 1434 1408 iratae
1461 1368 1658 1419 Cynthiae
1673 1397 1686 1416 ‚
1729 1369 1767 1409 δι

247 1427 493 1477 importunas
524 1436 647 1464 voces
673 1436 754 1463 non
780 1425 1017 1464 toleraturae
1034 1452 1046 1472 ,
1086 1426 1138 1464 ob
1166 1425 1306 1464 oculos
1330 1425 1522 1477 ponendo
1539 1454 1552 1473 ,
1599 1435 1705 1472 tum,
1736 1426 1765 1466 fi

245 1484 313 1522 vel
330 1483 498 1522 maxime
515 1482 620 1521 votis
639 1481 719 1531 ejus
738 1482 873 1531 iniqua
889 1494 972 1521 non
988 1480 1096 1521 foret
1115 1481 1309 1532 Cynthia,
1349 1483 1492 1522 amoris
1509 1482 1681 1523 miserias
1700 1494 1767 1523 ex-

242 1538 468 1592 pingendo:
499 1548 631 1587 neque
656 1538 762 1576 enim
787 1536 953 1576 dubium
971 1536 1069 1583 effe,
1101 1539 1358 1587 quantumvis
1376 1538 1424 1578 de
1442 1538 1572 1578 forma
1589 1552 1634 1578 ac
1650 1548 1764 1590 pote·-

243 1595 343 1636 state
363 1594 563 1646 Cynthiae
580 1593 705 1633 secius
723 1592 941 1640 existimet,
972 1594 1093 1644 quin,
1130 1594 1159 1634 fi
1176 1593 1224 1633 ad
1241 1594 1353 1633 illum
1371 1595 1502 1647 ignem
1518 1596 1683 1647 propius
1701 1608 1763 1636 ac-

245 1650 420 1698 cesserit,
452 1651 576 1690 amori
591 1648 714 1690 victas
735 1661 873 1690 manus
891 1651 939 1690 fit
955 1649 1136 1691 daturus:
1174 1650 1251 1690 Illa
1259 1648 1370 1703 feros
1386 1651 1519 1691 animis
1535 1652 1764 1704 alligatum

247 1709 365 1748 viros.
427 1706 543 1748 Haec
566 1707 595 1746 fi
619 1717 714 1746 vera
736 1705 847 1753 sunt,
876 1715 923 1746 ut
946 1708 1092 1758 opinor
1107 1734 1120 1754 ‚
1154 1707 1242 1757 jure
1267 1707 1511 1748 contendere
1534 1709 1630 1749 mihi
1652 1709 1763 1761 posse

244 1765 387 1806 videor
409 1776 449 1804 v.
469 1776 506 1815 3.
545 1762 757 1817 legendum
780 1761 878 1810 esse,
916 1775 1015 1803 meae
1038 1763 1182 1803 sentire
1207 1762 1383 1804 furores:
1424 1764 1622 1816 Cynthiae
1645 1767 1762 1806 nimi-

245 1835 333 1863 rum
357 1822 430 1862 tibi
453 1820 711 1871 molestisque
735 1820 812 1859 tuis
835 1821 1005 1860 vocibus
1031 1821 1150 1860 iratae
1174 1820 1437 1861 furibundum
1457 1822 1653 1861 animum:
1682 1823 1763 1863 hoc

244 1879 335 1919 sane
358 1879 485 1929 liquet
508 1889 557 1918 ex
581 1889 618 1917 v.
639 1889 679 1928 7,
701 1878 736 1917 8.
769 1877 835 1916 illa
858 1889 940 1917 non
963 1878 1096 1918 similis
1122 1876 1178 1917 est
1202 1878 1309 1930 vagis
1332 1879 1476 1929 puellis
1493 1906 1505 1925 ‚
1543 1887 1589 1918 ut
1612 1887 1761 1919 temere

246 1936 389 1976 tentari
412 1935 557 1988 possit,
588 1932 766 1974 Molliter
789 1931 904 1986 irasci
926 1946 988 1973 nec
1002 1933 1099 1987 sciet
1121 1933 1189 1974 illa
1213 1934 1305 1974 tihi:
1344 1934 1559 1985 Cynthiam
1576 1943 1621 1974 ut
1637 1935 1761 1975 laudi—

244 1994 319 2034 bus
335 1992 537 2045 perpetuis
556 1990 695 2031 efferat
710 1989 866 2037 noster,
898 1991 1130 2043 impotentis
1149 1999 1282 2031 tamen
1300 1991 1419 2031 animi
1436 1989 1552 2031 fuiffe
1569 1990 1761 2033 feminam

246 2049 286 2090 &
307 2050 475 2101 superbe
498 2047 726 2089 iracundam
750 2048 913 2087 minime
938 2047 1174 2096 dissimulat3
1205 2048 1298 2088 hinc
1315 2055 1490 2101 expertae
1505 2047 1763 2102 verberasae-

244 2106 389 2152 vitiae,
419 2103 578 2159 injustas
585 2104 697 2159 saepe
714 2101 834 2159 tullffe
849 2105 990 2152 minas,
1028 2113 1091 2146 tot
1103 2105 1252 2157 jurgia,
1283 2105 1430 2154 illaque
1446 2106 1577 2158 gravis
1593 2106 1676 2145 rixa
1690 2118 1761 2146 ve-

244 2162 466 2204 nustisfime
483 2162 675 2215 descripta
696 2174 760 2209 iv,
781 2163 816 2202 8.
877 2161 1041 2202 Deinde
1058 2160 1187 2208 reste,
1218 2173 1316 2201 mea:
1346 2161 1461 2213 saepe
1490 2160 1639 2202 Terent.
1659 2160 1762 2203 Pro-

241 2227 343 2273 pert.
370 2219 434 2259 El.
461 2218 538 2269 seq.
572 2219 648 2260 Illa
671 2231 798 2260 meam
822 2218 914 2258 mihi
927 2218 972 2272 se
988 2219 1072 2273 jam
1097 2217 1253 2270 denegat
1269 2231 1285 2258 .·
1320 2217 1358 2257 &
1378 2230 1475 2265 vm,
1502 2230 1570 2269 32,
1594 2229 1665 2268 42,
1688 2230 1758 2268 44.

243 2282 295 2322 τήν
318 2281 387 2329 ἐμὴν
405 2273 602 2330 Aristaen.
629 2290 654 2316 1.
689 2290 720 2316 1.
740 2289 778 2329 p.
799 2278 835 2316 6.
866 2277 1014 2328 pariter
1037 2284 1104 2316 tua
1120 2275 1223 2316 infra
1244 2288 1305 2322 1x,
1325 2285 1390 2314 22.
1450 2274 1509 2315 Et
1523 2275 1619 2316 nihil
1633 2276 1760 2316 iratae

241 2330 338 2388 poffe
359 2345 497 2386 negare
519 2343 630 2376 tuae:
659 2332 806 2376 Horat.
839 2332 968 2376 Carm.
994 2333 1030 2381 Ι,
1046 2345 1115 2383 xv,
1136 2344 1201 2372 22.
1260 2329 1351 2375 Non
1367 2333 1431 2375 hoc
1439 2333 1630 2386 pollicitus
1635 2341 1761 2431 ἓιεὶες

1682 2400 1702 2429 e
1723 2400 1763 2429 e-
