2070 2740
257 247 284 288 4
407 229 1524 274 EMENDATIONVM

256 359 355 388 vero
381 344 601 388 colmnbulus
625 343 788 385 Dionius
803 372 816 391 ‚
854 345 895 384 in
918 343 1042 385 Notis
1068 344 1117 384 ad
1142 343 1282 384 Catull.
1300 358 1340 398 p.
1361 346 1454 394 641.
1472 343 1511 384 &
1531 341 1674 395 Virgil.
1695 342 1774 381 Ae-

258 403 364 444 neid.
403 417 438 450 Ι,
473 415 565 441 201.
598 399 792 454 Erythrei
816 411 947 441 tamen
970 411 1182 454 patronum
1206 414 1289 441 non
1313 413 1335 440 e
1358 402 1492 440 multis
1517 401 1656 440 habuit
1679 396 1776 453 Jac.

260 459 364 499 Phil.
396 458 632 500 Dor-villimn
650 485 662 504 ‚
701 459 769 508 qui
803 459 843 498 in
873 458 1026 498 schedis
1058 458 1217 497 ineditis
1243 457 1407 498 defendi
1430 456 1545 511 posse
1569 463 1777 498 notaverat

261 517 450 569 exemplis
477 512 649 554 Phaedri
671 513 727 561 V,
759 527 794 561 1,
825 528 857 554 1.

507 594 727 635 Demetrius
742 622 754 642 ‚
792 596 856 648 qui
879 594 999 635 die-*lus
1021 592 1071 650 cst
1093 594 1321 636 Phalereus.

266 666 304 706 δε
338 662 524 704 Theocriti
555 676 612 709 1v‚
645 665 681 702 6.

429 732 501 764 Ὀυκ,
532 726 673 771 ducam
715 724 799 774 dywv
830 743 868 762 νιν
903 731 951 762 ἐπ’
979 729 1106 771 Ἀλφεδν
1135 726 1236 776 ᾤ’χετο
1266 731 1387 766 Μίλων.

267 793 345 834 Sed
369 793 541 845 primum
566 789 615 829 de
639 789 816 836 Latinis,
854 801 938 828 non
961 797 1093 828 autem
1120 789 1283 829 Graecis
1310 791 1478 841 agimus:
1515 787 1661 829 deinde
1677 785 1784 841 Ery-

267 852 395 890 rhreus
410 860 482 900 pro
500 846 766 899 Erythraeas,
798 845 837 884 &
851 843 979 887 Ἀλφεδς
1002 858 1076 897 pro
1100 847 1260 890 Ἀλφεῖεῷ*
1284 844 1494 885 differunt:
1533 845 1705 894 denique
1727 845 1787 884 lo-

267 920 336 947 cus
356 902 527 944 Phaedri
543 902 822 942 controversus
841 900 908 940 est.
953 900 1132 954 Heinfius
1149 902 1256 940 enim
1273 902 1423 955 Syllog.
1441 899 1577 940 Burm.
1602 900 1721 939 Tom.
1743 911 1786 939 v.

267 976 306 1016 p.
327 965 392 1010 69.
411 961 507 1014 legit
524 958 749 1006 Phalerius,·
780 956 1025 997 Burmannus
1040 966 1195 1004 autem,
1219 959 1388 998 vocibus
1407 953 1600 1009 trajeffis‚
1617 954 1762 996 edidit:

512 1025 760 1072 Demetrius,
807 1023 1015 1064 Phalereus
1045 1026 1109 1079 qui
1139 1025 1260 1066 diftus
1289 1023 1351 1080 est.

270 1097 476 1138 Postremo
495 1095 625 1149 pulvis
641 1122 653 1141 ,
691 1094 750 1133 uti
774 1094 972 1134 monitum
989 1121 1001 1140 ‚
1038 1095 1156 1146 plane
1179 1093 1277 1134 ferri
1300 1094 1452 1145 nequit.

329 1154 407 1194 Sed
432 1154 529 1192 haec
555 1150 764 1190 melenus:
795 1162 943 1202 ponam
966 1151 1131 1190 nuncin
1147 1150 1281 1191 medio
1298 1150 1512 1190 sententias
1530 1159 1692 1196 eorum,
1722 1148 1793 1200 qui

268 1210 441 1265 pulveris
464 1209 631 1248 servant.
701 1205 934 1246 Parthenias
956 1207 1053 1247 olim
1077 1206 1188 1247 dedit
1203 1235 1216 1254 ‚
1251 1207 1424 1260 pulveris
1447 1204 1688 1258 Erythrae17;
1726 1203 1796 1245 sed

274 1268 430 1319 longius
456 1273 692 1305 excurrente
715 1263 853 1309 νεὶ-ΓΠ,
891 1275 1008 1314 quam
1031 1275 1102 1315 per
1128 1266 1256 1316 legem
1272 1265 1411 1310 liceat,
1440 1263 1500 1302 uti
1515 1261 1595 1312 jam
1612 1258 1795 1314 Passera-

275 1325 351 1364 tius
373 1322 540 1361 monuit.
603 1319 774 1369 Scaliger
797 1328 929 1358 autem
953 1328 1084 1358 notat:
1121 1321 1250 1371 prisca
1272 1320 1485 1371 scriptura,
1516 1318 1672 1364 erithei,
1701 1328 1798 1369 prae

276 1408 306 1430 >⁷
337 1379 374 1419 se
392 1377 497 1417 ferre
512 1375 675 1415 videtur
692 1374 834 1421 eathei,
864 1382 910 1413 ut
925 1374 1046 1413 alludi
1062 1375 1185 1426 posfit
1201 1375 1249 1414 ad
1265 1375 1433 1414 entheos
1451 1374 1666 1419 Bellonae,
1696 1383 1798 1423 quos

278 1465 308 1485 „
340 1434 587 1475 Bellonarios
618 1432 848 1478 vocabant,
900 1431 969 1480 qui
999 1430 1148 1471 sursum
1177 1432 1261 1471 vim
1291 1442 1470 1484 magnam
1500 1429 1677 1481 pulveris
1707 1428 1798 1468 sub-

275 1490 488 1545 jestabant.
551 1488 629 1528 Sed
659 1500 777 1527 nemo
807 1495 986 1539 repertus
1017 1486 1101 1533 est,
1147 1489 1215 1537 qui
1244 1489 1285 1526 in
1315 1487 1398 1537 ejus
1427 1486 1662 1525 sententiam
1691 1485 1801 1525 nulla

278 1561 322 1591 re
346 1547 596 1600 probabilem
620 1543 854 1583 discederet.
921 1540 1086 1581 Achillis
1108 1554 1207 1582 vero
1232 1540 1353 1582 Statii
1367 1541 1569 1594 singularis
1589 1540 1644 1580 est
1660 1541 1800 1580 incon-

279 1605 439 1646 stantia:
477 1601 599 1642 modo
624 1600 730 1639 enim
753 1597 966 1651 legendum
990 1598 1176 1649 conjicit,
1214 1599 1281 1637 ille
1303 1598 1480 1651 pulveris
1504 1597 1654 1636 interim
1663 1609 1678 1645 ‚·
1715 1608 1801 1636 mo-

282 1662 358 1707 do,
388 1659 564 1711 pulveris
582 1655 752 1703 Antaei‚·
781 1654 926 1702 modo,
956 1651 1119 1702 Eretri,
1149 1655 1216 1694 vel
1232 1652 1420 1702 Erretri‚·
1446 1663 1531 1692 tum
1547 1663 1679 1692 autem
1694 1651 1802 1704 Ery-

285 1718 341 1758 tri
358 1743 371 1763 ‚
408 1717 460 1756 fic
483 1723 528 1754 ut
549 1714 676 1766 prima
698 1713 740 1751 in
761 1723 865 1751 voce
888 1710 1132 1764 producatur
1155 1711 1328 1756 Ὁμηρικῶς
1343 1733 1355 1753 ,
1398 1718 1443 1749 ut
1467 1709 1655 1759 loquitur.
1721 1707 1803 1747 Sed

287 1773 439 1813 interim
462 1769 650 1823 frigidum
668 1797 680 1816 ‚
725 1768 764 1808 δε
792 1769 910 1820 plane
936 1767 1115 1819 jejunum
1143 1764 1332 1814 videtur;
1382 1764 1530 1804 Antaei
1559 1774 1691 1804 autem
1720 1776 1805 1804 non
1845 1768 1849 1773 '

286 1830 407 1881 magis
431 1827 526 1868 ferri
550 1825 702 1878 potest,
741 1837 857 1875 quam
875 1824 1005 1876 pulvis
1027 1821 1244 1876 Erythraei
1253 1834 1267 1869 ,·
1303 1822 1433 1861 minus
1450 1819 1635 1873 Erythri.
1694 1819 1804 1860 Nam

288 1887 414 1940 prixm
438 1884 583 1934 syllaba
605 1893 753 1920 vocum
782 1878 942 1926 'Eeffiffin
968 1880 1180 1926 'Eev3300s&‚
1217 1877 1255 1916 &
1277 1876 1523 1930 Erythraeus
1545 1877 1593 1916 ab
1617 1876 1804 1916 omnibus

290 1942 422 1996 poetis
453 1938 676 1989 corripitur.
745 1935 840 1975 Hoc
871 1943 1002 1973 tamen
1032 1933 1182 1985 placuit
1214 1930 1264 1987 J.
1297 1931 1341 1972 F.
1370 1931 1578 1973 Corradino
1602 1930 1644 1971 de
1667 1930 1803 1979 Atlio,

293 1997 403 2048 cujus
432 1993 603 2033 Catullus
625 1993 666 2031 in
690 1993 885 2043 integrum
908 1989 1133 2036 restitutus,
1163 1997 1209 2028 ut
1221 1987 1361 2039 jaetat,
1391 2001 1441 2029 ex
1455 1987 1721 2040 manuscripto
1737 1999 1807 2027 co-

295 2055 406 2096 dice,
438 2052 591 2090 Romae
608 2057 790 2099 reperto,
822 2048 951 2086 lucem
968 2045 1070 2085 vidit
1085 2045 1269 2085 Venetiis
1285 2058 1390 2085 anno
1413 2046 1530 2096 1738.
1570 2044 1671 2092 Sed,
1689 2055 1807 2097 quam

295 2110 447 2163 peritus
465 2116 720 2146 numerorum
738 2103 882 2149 fuerit,
913 2101 1085 2142 ostendit
1100 2102 1153 2142 fic
1170 2100 1290 2142 edens
1309 2101 1438 2143 Carm.
1454 2113 1605 2149 XLVIII,
1621 2112 1664 2151 4,

637 2180 720 2223 Nee
736 2195 897 2236 unquam
912 2180 997 2223 inde
1014 2193 1146 2222 coram
1154 2179 1272 2235 satur
1279 2179 1457 2235 futurus.

302 2244 341 2286 &
369 2254 479 2289 Lxxx,
511 2250 577 2291 79.

633 2294 760 2352 ,Quam
771 2295 905 2351 jejuna
914 2295 1020 2348 piu-m
1043 2294 1232 2338 deficeret
1253 2307 1327 2336 ara
1350 2307 1528 2337 cruorem.

306 2357 343 2397 &
358 2367 513 2404 xxxvu,
537 2365 597 2394 12.

634 2406 927 2464 ,ngesanffum
943 2407 1130 2459 Idalium,
1159 2407 1397 2463 Erycosque
1411 2414 1569 2462 apertos.
1754 2460 1763 2470 ο

1642 2488 1671 2510 ,,
1701 2472 1813 2515 cujus
