2070 2740
286 228 334 267 13
466 215 1583 268 EMENDATIONV‘M

281 329 319 370 se
337 356 349 375 ,
387 328 455 378 qui
477 324 612 420 versilis
637 322 770 363 faeere
793 321 956 375 possent
977 321 1045 362 vel
1070 320 1130 361 his
1163 319 1302 361 decem
1319 348 1332 368 ,
1378 332 1428 362 ex
1456 322 1683 377 longissimo
1707 324 1801 367 loco

282 385 416 427 sumtis
435 412 448 433 ‚
485 382 571 425 fimi
590 392 657 420 cs:

503 475 586 518 Hie
610 473 711 526 regit
734 471 888 526 aversos
907 473 1032 526 proles
1054 469 1225 512 Laertia
1250 483 1384 512 currus
1399 499 1412 519 ,

504 532 563 575 Et
582 532 666 586 jam
690 528 902 583 Strymonii
926 528 1041 582 Rhefl
1057 557 1069 577 ,
1107 529 1300 582 vietor-qne
1325 528 1483 570 Dolonis
1499 557 1511 575 ,

505 586 668 630 Pallade
687 587 770 641 jam
794 586 963 626 laetatur
987 598 1104 627 ovans
1120 614 1132 633 ,
1170 584 1372 638 rursusque
1394 586 1574 625 tremiscit

506 644 607 701 Janz
635 643 789 684 Ciconas
804 670 817 689 ,
849 643 1001 696 jamque
1025 644 1153 682 horret
1177 650 1290 683 atrox
1313 640 1597 696 Laestrygonas
1620 641 1704 697 ipfi‘.

505 701 619 742 Illum
643 698 773 751 Scylla
797 706 921 749 rapax
947 699 1096 737 canibus
1111 697 1302 750 succinfft‘a
1325 697 1494 751 Molossis
1512 726 1523 745 ,

503 757 767 808 Aetnaeusque
793 753 946 808 Cyclops
962 782 974 803 ,
1012 753 1118 793 illum
1142 751 1333 793 Zanclaea
1361 754 1574 808 Charybdis
1590 784 1601 801 ,

505 812 768 864 Pallentesque
791 811 893 850 lacus
908 839 921 859 ,
960 807 1010 856 &⁹
1025 808 1220 864 squallida
1249 808 1286 848 T
1282 817 1422 850 artara
1446 819 1603 851 terrent.

503 869 584 911 Hic
609 866 658 915 ἐξ
687 867 725 908 T
721 868 863 908 antalei
885 868 1032 919 generis
1055 865 1163 907 decus
1185 866 1329 918 amplus
1352 866 1517 907 Atrides

504 924 659 979 Asfidet
676 953 688 972 ,
726 923 928 976 Argivum
951 924 1093 964 lumen:
1131 935 1198 977 quo
1215 921 1373 976 flamma
1397 919 1547 975 regente

504 982 626 1024 Doris
649 980 923 1022 Erichthonius
941 979 1160 1035 prostravit
1176 977 1362 1032 funditus
1384 992 1500 1020 arces.

283 1076 456 1119 Oudinus
491 1073 653 1126 quidem
687 1074 727 1113 in
756 1069 962 1126 monstrofis
991 1072 1196 1124 elegantiae
1230 1071 1410 1112 Gothicae
1429 1070 1723 1125 speciminibus,
1762 1076 1805 1115 in

282 1132 459 1187 Salnzafii
484 1132 624 1172 codice
646 1131 737 1172 vifis
755 1157 768 1177 ,
805 1126 1007 1170 Maronem
1025 1129 1065 1169 se
1090 1128 1187 1168 dicit
1210 1139 1424 1181 agnoscere
1440 1156 1453 1175 ,
1498 1137 1543 1169 ut
1566 1130 1607 1168 in
1633 1128 1803 1179 Culice;

280 1192 350 1235 sed
380 1190 581 1236 carmina,
627 1198 727 1239 quae
759 1184 1004 1226 Burmannus
1033 1186 1076 1225 in
1106 1185 1355 1239 Anthologia
1384 1185 1529 1225 Latina
1558 1197 1686 1238 nuper
1710 1185 1804 1226 inde

282 1248 430 1295 edidit,
463 1244 500 1286 &
525 1246 655 1285 Culex
677 1244 894 1296 plurimum
918 1243 1021 1283 inter
1036 1242 1075 1282 se
1099 1241 1302 1282 differunt.
1363 1242 1421 1282 At
1443 1243 1567 1282 multa
1595 1241 1674 1295 (sic
1699 1243 1807 1284 enim

282 1303 447 1356 dicunt)
474 1304 516 1342 in
538 1302 712 1341 carmine
737 1298 1094 1351 deprehenduntur
1117 1298 1305 1346 obscura,
1343 1298 1526 1347 horrida,
1563 1307 1682 1351 atque
1705 1299 1807 1339 adeo

282 1363 445 1405 barbara
461 1387 473 1407 ,
511 1358 626 1399 verbi
649 1356 771 1411 gratia
787 1382 800 1402 ,
838 1367 878 1396 v.
910 1356 1000 1404 164.

516 1449 648 1490 Obvia
672 1446 848 1488 vibranti
872 1452 1027 1498 carpens
1047 1444 1187 1497 gravis
1210 1443 1299 1485 ae‘ra
1322 1443 1464 1497 lingua.

283 1531 393 1584 quod
414 1531 559 1570 vitium
585 1538 769 1580 carpere,
808 1526 846 1566 δε
869 1524 1136 1565 vehementer
1158 1523 1454 1576 reprehendere
1478 1523 1594 1576 gestit
1620 1519 1805 1564 Oudinus.

286 1588 408 1642 Quafi
432 1598 532 1626 vcro
557 1597 639 1625 non
665 1583 907 1634 iniquisfime
923 1580 1094 1628 faciant,
1125 1582 1193 1631 qui
1208 1579 1415 1632 perspicua
1430 1581 1681 1620 librariorum
1696 1592 1807 1620 men-

286 1646 334 1685 da
357 1643 613 1695 scriptoribus
640 1641 841 1681 tribuant!
885 1636 1052 1678 Etenim
1077 1636 1218 1677 Critici
1242 1638 1372 1689 magni
1397 1636 1436 1676 &
1458 1638 1613 1677 nobiles
1631 1664 1643 1684 ,
1682 1638 1723 1676 in
1747 1637 1808 1676 his

287 1700 336 1741 P.
356 1700 515 1741 Benihus
533 1701 573 1738 in
590 1699 693 1738 libro
711 1696 761 1736 dc
784 1694 944 1747 Virgilii
962 1693 1125 1739 Culice,
1156 1692 1327 1743 Scaliger
1343 1705 1382 1744 p.
1399 1703 1439 1741 4.
1459 1693 1497 1732 δε
1513 1692 1693 1746 Heinsius
1709 1693 1807 1744 Syll.

288 1757 364 1811 Ep.
391 1756 524 1797 Burin.
551 1755 669 1795 Tom.
695 1765 733 1793 v.
758 1766 798 1805 p.
823 1763 919 1802 400.
951 1750 1207 1790 consentiunt
1229 1749 1329 1789 nihil
1352 1749 1432 1789 hoc
1455 1750 1628 1789 carmine
1645 1748 1810 1789 mendo-

286 1816 360 1856 slus
385 1813 499 1866 posse
523 1812 700 1864 reperiri.
762 1810 809 1849 ln
832 1805 1123 1848 correctoribus
1141 1815 1294 1853 autem,
1326 1807 1393 1856 qui
1411 1805 1525 1857 saepe
1550 1807 1713 1846 carmini
1737 1818 1809 1845 no-

285 1880 478 1916 cuerunt,
511 1869 590 1920 ipse
608 1866 800 1917 Scaliger,
831 1866 860 1905 fi
876 1875 972 1904 vcra
987 1863 1104 1904 fateri
1120 1865 1330 1909 volumus,
1349 1861 1404 1901 est
1420 1861 1638 1901 habendus.
1679 1861 1809 1915 Quip-

285 1940 338 1980 pe
360 1928 506 1971 multa,
544 1935 644 1975 quae
669 1923 867 1973 corrigere
891 1921 1002 1966 vult,
1040 1919 1233 1971 depravat
1250 1946 1263 1965 ,
1301 1917 1340 1957 δε
1363 1929 1408 1957 ea
1426 1917 1605 1970 scriptori
1622 1929 1810 1957 nonnun-

286 1996 404 2034 quam
429 1983 595 2033 affingit,
634 1989 734 2029 quae
757 1989 808 2017 ne
832 1977 979 2017 Latino
997 1975 1157 2026 quidem
1173 1975 1316 2027 poeta,
1347 1974 1495 2014 nedum
1513 1972 1677 2015 Marone
1694 1974 1813 2027 digna

287 2040 509 2080 videantur.
572 2035 649 2076 Sed
674 2036 794 2079 haec,
832 2034 1066 2073 meritorum
1088 2043 1314 2079 memores,
1351 2043 1436 2071 non
1459 2031 1731 2082 insequcmur‚
1770 2032 1812 2071 in

287 2098 422 2149 primis
448 2093 555 2146 quod
581 2101 705 2132 errata
728 2091 968 2143 palmaribus
1001 2088 1317 2129 correctionibus
1335 2115 1348 2134 ,
1395 2088 1432 2128 &
1464 2088 1812 2128 observationibus

288 2155 450 2194 minime
480 2150 709 2204 vulgaribus
742 2147 899 2188 abunde
930 2146 1219 2199 conpensavit3
1264 2146 1360 2197 quin
1389 2146 1524 2197 potius
1557 2145 1595 2185 id
1619 2156 1809 2199 agemus,

289 2220 334 2250 ut
358 2210 394 2249 ὅτ,
418 2210 486 2261 ipsi
506 2237 518 2255 ,
557 2207 717 2246 sublatis
743 2203 981 2257 quibusdam
1003 2203 1157 2245 mendis
1175 2231 1188 2251 ,
1225 2214 1300 2256 pro
1324 2201 1455 2243 nostra
1471 2211 1584 2256 parte
1599 2202 1809 2256 poetarum

287 2267 458 2320 principi
490 2265 774 2304 succurramus.

347 2324 508 2363 Initium
539 2320 731 2360 faciemus
761 2331 782 2358 a
810 2329 850 2359 v.
884 2329 977 2370 233.

517 2387 623 2431 Nam
647 2388 796 2429 vinetus
810 2385 916 2442 sedet
939 2387 1111 2429 immanis
1123 2383 1362 2441 serpentibus
1386 2382 1534 2433 Othos,
1601 2438 1644 2481 D
1702 2440 1744 2482 ’Ὗ

1648 2453 1721 2482 cru
1747 2450 1809 2482 um
