2070 2740
276 175 419 214 vat
568 151 1598 207 PRAEFATIO.

286 316 379 368 Sed
397 327 585 383 apparet
600 353 616 379 ,
652 311 766 380 poſje
786 312 1035 360 enumerari
1059 305 1562 372 diveifimodesjllabas.
1589 348 1628 374 ,,
1667 309 1788 375 Quis

286 387 355 438 est
380 388 535 450 enim,
577 385 655 453 qui
691 381 871 432 nescire
904 377 1075 448 posfit,
1120 381 1193 442 itt,
1250 378 1457 427 iambum
1489 377 1623 430 effe?
1669 381 1794 431 Ver.

288 459 359 507 sus
395 471 554 506 autem
596 452 836 504 Martialis
880 449 1106 500 mendum
1153 449 1386 497 continet.
1483 447 1551 497 V
1543 449 1639 511 osfii
1672 451 1793 501 liber

287 527 513 589 exhibet,
553 529 691 574 mitio.
741 522 888 572 Forte
914 521 1135 586 scriptum
1161 516 1275 577 fuit,
1293 519 1411 583 jam.
1452 518 1545 568 Sed
1569 520 1666 585 ipse
1694 539 1796 571 non

290 599 498 666 ignoro,
539 613 680 663 quam
716 591 770 642 sit
793 591 888 641 hoc
913 592 1162 639 incertum.
1239 586 1478 654 Dawestus
1504 588 1641 638 Misc.
1671 589 1792 640 Crit.

289 686 334 734 p.
371 681 446 727 32.
476 664 753 732 particulam
778 675 913 727 putat
945 677 1043 708 una
1076 657 1253 724 syllaba
1277 659 1573 725 pronuntiari
1598 660 1645 707 in
1673 675 1795 710 noto

292 735 459 784 Cat-ulli
487 734 694 783 carmine
719 749 762 779 v.
790 747 860 797 gr.
887 747 932 778 v.
966 729 1082 790 163.

501 838 558 905 Jo
571 876 587 900 ,
616 835 798 903 Hymen
812 873 830 899 ,
859 832 1139 898 Hymenaee,
1163 835 1217 880 io.

292 951 388 1001 Sed
422 947 631 999 Achilles
664 943 840 993 Statius
860 981 878 1007 ,
930 941 1104 1008 aliique
1138 938 1296 990 versus
1332 939 1466 990 aliter
1501 941 1793 1009 disponunt5

292 1039 414 1089 quos
451 1018 581 1085 sequi
616 1013 788 1063 malim.
878 1010 1016 1060 Plura
1050 1010 1209 1060 videas
1244 1010 1292 1057 in
1322 1011 1551 1078 Append.
1575 1011 1722 1061 veluti
1746 1029 1793 1079 p.

294 1092 409 1156 456·

579 1153 792 1205 Sodamin
814 1155 967 1218 rapuit
990 1148 1231 1200 familiaris
1252 1167 1378 1216 aqua.

291 1272 338 1453 pb
367 1267 426 1316 44
442 1269 482 1314 3·
576 1327 889 1395 Natgfragium
910 1323 1067 1390 dignus
1089 1324 1159 1372 bis
1184 1338 1284 1373 erat
1307 1325 1380 1374 ille
1396 1330 1514 1392 pati.

291 1423 305 1453 1
345 1444 354 1453 .

436 1493 546 1560 Igne
569 1491 745 1542 carebat
768 1487 906 1537 homo.
983 1486 1168 1552 Superis
1190 1486 1304 1535 hunc
1327 1486 1511 1536 callidus
1531 1485 1686 1554 ηψπ

503 1561 746 1631 Japetides.
758 1556 947 1624 furtum
968 1555 1166 1606 vindicat
1190 1559 1261 1605 ira
1283 1554 1441 1622 Jovis.

298 1687 344 1738 p·
370 1669 485 1737 446-

437 1774 620 1842 Hepate
638 1792 747 1840 quae
762 1771 939 1839 gestans
959 1773 1006 1819 in
1023 1781 1214 1837 guttura
1238 1768 1397 1835 dirigit
1421 1767 1552 1834 hastis
1562 1805 1582 1833 ,

512 1844 707 1896 Occidit
733 1842 788 1895 ὅθ
809 1840 975 1890 vindex
1001 1858 1086 1888 una
1092 1841 1273 1904 sagitta
1297 1838 1413 1888 duos.

299 1973 346 2022 P·
374 1970 434 2019 43
444 1969 490 2020 7·

453 2056 592 2108 Urbis
615 2060 727 2105 enim
752 2053 951 2114 validae,
990 2057 1147 2119 ignaro
1169 2049 1391 2101 commissa
1414 2055 1593 2118 tyroni,

529 2125 709 2193 Olfidio
732 2126 815 2175 leto
839 2125 978 2173 millia
997 2124 1143 2174 multa
1167 2121 1299 2172 dedit.

298 2234 526 2302 Ejusdem
563 2248 725 2283 tamen
762 2232 864 2284 libri
901 2249 947 2299 p.
987 2246 1102 2298 439.
1158 2229 1311 2279 similis
1350 2228 1677 2297 negligentiae
1712 2245 1799 2278 no-

294 2308 424 2356 mine
451 2302 520 2355 V
511 2303 700 2369 egelinus
721 2300 1115 2370 reprehenditur,
1156 2299 1207 2350 &
1241 2299 1478 2350 irridetur:
1675 2365 1801 2432 Inse-
