2070 2740
524 215 559 258 C
671 215 718 283 A?
818 213 850 254 P
961 211 1003 253 V
1114 211 1151 255 T
1314 210 1396 256 Vl.
1644 227 1723 269 125

201 338 380 387 (εηταῦαΐς
407 349 495 377 nam
518 336 652 388 regina
665 333 751 389 sola
773 331 840 389 effe
862 343 933 373 non
951 338 1116 384 poterat.
1176 330 1249 386 Est
1265 341 1388 374 autem
1403 333 1554 380 Plauti,
1585 335 1650 388 qui
1663 335 1721 375 ins.

201 396 305 438 ducit
328 397 430 436 inter
451 393 585 434 multos
606 398 810 432 amatorem
828 387 987 441 pofltztm
1011 386 1211 435 dicentem,
1241 388 1339 441 quod
1359 391 1463 429 solus
1480 390 1555 443 fit:
1585 398 1628 430 ut
1644 390 1721 445 ipfh

199 453 292 493 alibi
309 452 420 505 [Ecl.
438 464 478 498 x,
495 449 587 501 48.]
618 445 775 499 Mestne
790 445 872 484 sola
887 443 1018 492 vides,
1143 457 1253 498 quam
1277 444 1466 500 constabat
1483 446 1645 487 Antonii
1663 460 1721 488 cct-

189 507 279 564 stra
303 510 515 550 comitatam
523 519 538 554 ,·
559 502 632 557 sed
653 503 755 549 sola,
779 500 860 554 stne
883 509 1051 542 amatore
1066 500 1148 555 sw-
1176 502 1285 543 conf⁴
1306 502 1490 545 Pricaeus
1506 503 1554 544 ad
1572 503 1715 556 Appul.

198 566 367 606 Metam.
394 578 426 604 1.
444 577 484 616 p.
501 573 542 611 9.
603 560 700 601 Hoc
716 559 835 598 unice
860 559 1027 610 requirit
1044 560 1264 611 oppositio:
1422 583 1426 588 -

420 664 602 717 Penelope
612 669 767 717 poterat
783 661 839 703 bis
855 659 962 702 denos
981 661 1061 702 sola
1071 670 1144 716 per
1161 674 1274 705 annos

477 722 651 762 Vivere:

421 778 484 820 At
501 787 543 819 tu
559 790 629 819 non
646 789 721 817 mm
731 775 889 831 potuisti
904 776 1005 818 notre
1021 788 1161 817 vacare

477 835 602 888 impia
611 848 625 883 ,·
656 846 727 874 non
744 845 856 874 mnam
872 834 953 874 sola
971 845 1129 874 manere
1146 831 1257 874 diem.

196 929 426 970 Recurrunt
444 925 584 967 itidem
600 926 723 965 verba
741 937 862 972 xxm,
887 938 901 964 1
916 938 979 975 13.

416 1016 495 1059 Dic
510 1015 602 1055 mihi
611 1042 623 1062 ,
654 1015 736 1068 quis
746 1015 873 1068 potuit
889 1014 1021 1054 lefftmn
1028 1011 1194 1067 servare
1204 1010 1381 1065 pudicum
1396 1012 1415 1051 ,9,

477 1072 590 1128 Quae
605 1070 693 1111 Dea
704 1099 716 1119 ,
748 1084 826 1111 cum
834 1070 914 1125 solo
931 1071 1070 1110 vivere
1087 1069 1168 1109 sola
1183 1068 1265 1109 Deo
1276 1070 1295 1107 ?

193 1194 315 1224 voces
332 1189 466 1222 autem
482 1180 718 1220 commutari
734 1186 846 1231 patet
861 1189 911 1218 ex
925 1178 1044 1217 variis
1060 1174 1301 1216 leetionibus
1319 1168 1479 1227 a‘dJ'effls
1497 1174 1544 1215 ad
1554 1172 1717 1216 Lucret.

197 1251 263 1287 ΠΙ,
284 1241 378 1288 696.
410 1238 448 1278 &
463 1235 609 1277 Horat.
632 1235 759 1288 Epist.
778 1235 811 1283 I,
831 1247 878 1281 11,
903 1247 964 1273 10.
1142 1230 1147 1237 '

416 1332 535 1393 Qod
549 1333 669 1387 Paris
684 1341 728 1375 ut
744 1339 874 1388 regnet
888 1332 1041 1379 salvus,
1073 1332 1259 1385 vivatque
1275 1331 1427 1372 beatus.-
1460 1350 1470 1356 ’-

197 1440 267 1482 ubi
286 1437 429 1495 Jones:
450 1438 555 1494 solus
570 1438 624 1478 V.
642 1438 693 1479 L⁴

254 1497 369 1537 Haec
385 1496 472 1537 fere
488 1497 622 1537 multis
639 1497 687 1536 ab
705 1495 800 1536 hinc
816 1495 926 1535 annis
943 1493 1190 1547 scripseram,
1210 1506 1302 1534 cum
1317 1490 1460 1532 Latini
1475 1490 1633 1532 Latinii
1650 1489 1717 1531 Bi-

197 1554 442 1593 bliothecam
467 1551 611 1592 nasius,
629 1552 748 1591 Tom-
768 1563 813 1590 11.
831 1563 869 1602 p.
891 1562 956 1600 59.
987 1559 1170 1589 notatum
1186 1551 1336 1601 reperi:
1357 1547 1498 1601 salva]
1507 1545 1592 1602 sola
1609 1547 1717 1587 alias.

198 1610 390 1663 Neglexit
414 1619 569 1655 tamen,
599 1608 741 1648 utalia
756 1635 769 1654 ,
807 1605 1077 1659 Broekhusius,
1117 1606 1185 1656 qui
1209 1606 1298 1647 viro
1323 1603 1552 1647 dostisfimo
1577 1604 1717 1645 maluit

199 1667 384 1707 insultare
401 1666 449 1705 ad
466 1666 499 1713 Ι,
518 1679 584 1712 111,
604 1677 623 1715 3
638 1678 670 1703 1.
703 1675 821 1714 quam
837 1664 953 1704 bonis
971 1663 1114 1705 oblatis
1131 1663 1206 1703 uti.

253 1787 294 1821 x,
317 1786 379 1824 17.

256 1875 375 1917 Haec
404 1886 496 1915 cum
526 1874 794 1926 superioribus
827 1872 1082 1914 incommode
1104 1872 1192 1914 satis
1218 1873 1453 1919 cohaerere,
1491 1870 1720 1925 Broekhufio

200 1934 330 1973 libens
356 1931 575 1972 adsentior:
606 1943 748 1972 verum
773 1942 892 1981 quem
907 1932 950 1970 in
965 1932 1100 1970 locum
1116 1930 1634 1983 opportunioremmigrare
1652 1929 1720 1968 de-

202 1991 349 2036 beant,
395 2000 503 2028 nunc
526 1987 708 2028 subtilius
732 1988 940 2038 anquirere
963 1986 1226 2040 supersedebo
1243 2013 1256 2033 ‚
1293 1997 1345 2024 ne
1365 1985 1470 2036 justo
1494 1986 1718 2040 longiorem

204 2047 275 2086 tibi
292 2045 468 2086 fabulam
484 2054 696 2085 contexam
708 2071 723 2091 ⁷
752 2044 790 2083 δε
805 2044 879 2083 hac
896 2043 1093 2095 epistolari
1110 2044 1293 2097 libertate
1310 2043 1420 2082 abuti
1438 2042 1593 2082 videar:
1621 2041 1721 2082 illud

203 2111 357 2149 autem,
389 2102 498 2152 quod
520 2103 562 2141 in
585 2102 813 2155 propinquo
836 2101 1009 2153 positum
1033 2100 1110 2147 est,
1142 2110 1304 2140 monere
1320 2111 1402 2138 non
1417 2100 1632 2152 gravabor3
1662 2098 1718 2139 se-

203 2159 334 2199 decim
349 2158 632 2210 praecedentes
649 2158 783 2199 versus
800 2158 828 2198 fi
844 2158 968 2209 priori
983 2156 1146 2210 Elegiae
1163 2153 1474 2201 connectantur,
1512 2155 1613 2194 nihil
1628 2153 1718 2195 fore

204 2217 370 2256 omnino
390 2243 402 2261 ‚
450 2214 558 2265 quod
588 2215 638 2255 ad
669 2215 903 2268 elegantiam
934 2214 1116 2254 carminis
1148 2211 1358 2253 desiderari
1398 2220 1528 2262 queat⁴
1563 2210 1718 2251 ΗΕΜ-

207 2271 411 2312 STERH.
458 2271 658 2322 Equidem
680 2271 841 2312 diversis
866 2272 1112 2323 temporibus
1137 2271 1191 2309 ita
1215 2266 1449 2320 conjunctos
1465 2267 1600 2309 versus
1618 2269 1715 2321 legi:

207 2329 274 2369 sed
297 2330 531 2382 elegantiam
554 2329 702 2368 nullam
719 2328 869 2369 'sentire
890 2329 1018 2380 potui.
1079 2325 1204 2366 Aliud
1226 2326 1433 2376 utriusque
1457 2326 1637 2366 carminis
1662 2324 1717 2364 est

207 2395 503 2441 argumentum:
534 2386 643 2427 nulla
665 2385 929 2427 cohaerentia.
989 2383 1129 2437 Quid?
1159 2383 1270 2437 Eleg.
1296 2394 1353 2431 rx,
1377 2395 1439 2434 17.
1471 2383 1508 2423 &
1524 2381 1629 2434 seqq.
1654 2393 1719 2420 us-

971 2441 1009 2495 Q
1040 2453 1060 2492 3
1645 2449 1724 2489 ciue
