2070 2740
483 157 593 201 *ce
686 157 725 198 A
787 154 795 193 ἰ
837 156 888 199 Ρ
953 154 996 195 v
1040 152 1169 198 vr..
1242 150 1249 153 ·
1314 155 1468 202 xus

1656 177 1679 207 {²

1687 178 1706 207 ω

1715 167 1740 218 (222¹

279 269 352 318 ΙΙΙ,
381 280 442 318 vr,
476 280 514 320 7.

447 361 632 417 [Quique
649 367 731 400 erat
755 360 794 400 in
812 358 907 400 caris
926 358 1045 399 animi
1064 359 1135 399 tibi
1153 359 1301 401 candor
1317 364 1473 411 amicisss

504 418 696 472 Cognitus
715 416 771 456 est
787 417 866 462 issi,
897 426 1015 465 quem
1032 417 1129 456 colis
1146 416 1248 469 ipse,
1282 417 1407 469 viro.]

218 510 312 553 Hoc
328 521 488 562 quoque
507 508 701 549 distichon
718 508 814 548 mihi
831 504 1055 559 suspe6tum
1075 505 1143 546 est.
1206 507 1252 546 In
1273 509 1600 551 antecedentibus
1620 513 1657 552 δε
1674 514 1729 554 se-

219 569 432 619 quentibus
465 566 590 618 agitur
621 564 669 604 de
695 575 829 604 amore
854 572 995 603 mutuo
1021 561 1192 602 Nasonis
1219 563 1256 603 &
1283 565 1411 605 amici.
1484 566 1620 617 Itaque
1645 581 1730 610 nou

219 633 323 670 erat,
357 636 426 663 cur
449 623 526 663 hoc
551 622 666 660 amici
691 620 829 661 candor
853 620 891 660 in
916 619 1044 659 amicis
1070 620 1356 668 celebraretur,
1395 634 1470 662 nec
1495 636 1564 663 eur
1581 626 1729 665 amicus

218 688 380 733 propter
399 678 611 719 candorem
631 677 878 723 laudaretur,
909 676 1050 728 poeta,
1076 676 1143 726 qui
1161 676 1311 730 semper
1323 678 1411 728 jure
1429 679 1477 718 de
1493 678 1559 719 suo
1575 681 1730 732 praedi.

218 745 282 776 cat
297 735 492 782 candore,
512 746 595 774 non
611 735 719 774 item.
759 733 897 787 Quid?
914 732 1043 783 quod,
1064 731 1201 772 candor
1217 733 1255 773 iu
1274 735 1423 782 amicis,
1454 747 1536 774 non
1555 736 1610 776 est
1630 737 1728 777 Ovi-

216 791 381 832 diauum.
444 790 581 845 Quid?
613 790 722 841 quod
738 789 918 830 candoris
936 791 1264 829 commemoratio
1281 791 1420 831 seriem
1435 790 1624 832 sermonis
1646 802 1727 834 tur-

216 850 312 889 bat?
344 847 482 902 Quid?
512 846 618 898 quod
633 847 809 888 fimiliter
826 847 981 892 turbat,
1013 844 1262 900 cognitusest,
1296 848 1418 895 inter,
1453 855 1557 894 erat,
1591 849 1651 898 ἃ,
1675 861 1728 890 ce-

212 905 333 952 tahas,
369 904 502 952 dabas,
532 915 637 951 eras,
667 904 855 956 positum.
918 902 1059 956 Quid?
1089 902 1198 952 quod
1216 902 1348 944 noster
1365 902 1595 956 scripfiss'et,

499 995 672 1048 Cognitus
687 993 738 1050 est
756 995 849 1047 ipfi,
879 1006 983 1048 quem
1003 994 1089 1035 colis
1106 1008 1253 1047 usque,
1283 995 1401 1037 Deo:

211 1088 546 1141 quemadmodum
572 1085 630 1127 N.
654 1086 853 1140 Heinsius,
884 1087 951 1127 sed
973 1089 1134 1128 immani
1159 1091 1379 1129 mutatione
1401 1087 1526 1136 faistai,
1558 1092 1726 1143 corrige-

210 1147 291 1187 bat.
361 1144 501 1198 Quid?
538 1142 648 1195 quod
672 1144 863 1195 repetitae
890 1155 1034 1190 voces,
1072 1152 1202 1193 notus,
1244 1146 1574 1198 cognitunerat,
1616 1154 1722 1194 erat,-

212 1203 336 1242 carior
355 1229 367 1248 ,
405 1201 503 1240 caris
518 1213 532 1248 ,-
571 1198 716 1238 indicia
737 1197 882 1238 fraudis
909 1199 1136 1240 ostendunt.
1198 1201 1337 1255 Quid?
1366 1201 1499 1253 quod,
1518 1202 1723 1256 expunffis

211 1259 387 1299 versibus
397 1285 410 1306 ,
419 1256 618 1311 praeclare
634 1255 867 1295 cohaerent:

430 1347 574 1391 Foedus
590 1347 774 1388 amicitiae
793 1359 856 1388 uec
874 1347 956 1396 vis,
988 1348 1191 1404 carissime,
1208 1349 1376 1407 nostrae,-

490 1404 594 1452 Nec,
617 1404 654 1458 fi
660 1402 769 1456 forte
786 1405 901 1452 velis,
935 1404 1163 1458 dissimulare
1175 1416 1289 1461 potes.

435 1462 562 1504 Donec
580 1462 673 1501 enim
689 1461 816 1508 licuit,
847 1474 910 1501 uec
927 1469 962 1501 te
980 1463 1070 1503 mihi
1086 1464 1209 1505 carior
1226 1465 1348 1512 alter,

490 1516 572 1558 Nec
588 1518 659 1558 tibi
678 1530 732 1556 me
749 1515 830 1558 totd
841 1518 1011 1571 junuior
1027 1520 1117 1560 urbe
1126 1518 1228 1572 fuit.

433 1573 543 1628 Isque
559 1581 644 1613 erat
660 1585 770 1624 usque
785 1572 873 1613 adeo
885 1575 1016 1626 populo
1033 1574 1210 1627 testatus,
1243 1585 1286 1618 ut
1303 1575 1387 1631 effet

489 1628 589 1669 Peue
606 1629 724 1679 magis
739 1641 849 1680 quam
866 1637 929 1674 tu,
960 1641 1138 1682 quumque
1156 1643 1239 1682 ego,
1269 1641 1376 1672 notus
1392 1644 1508 1675 amor.

437 1683 514 1727 Nil
529 1686 586 1724 ita
603 1684 764 1731 celabas,
798 1691 840 1723 ut
864 1696 933 1724 nou
949 1696 1010 1735 ego
1028 1684 1186 1737 conscius
1201 1685 1327 1741 estem,-

493 1740 780 1793 Pefftoribusque
797 1738 912 1780 dahas
929 1740 1046 1780 multa
1064 1741 1219 1793 tegenda
1235 1744 1333 1782 meis.

434 1797 573 1852 Cuique
588 1809 648 1849 ego
663 1797 870 1837 narrabam
874 1795 1016 1849 secreti
1030 1797 1206 1851 quicquid
1227 1799 1438 1848 habebam5

492 1853 659 1907 Excepto
677 1853 774 1907 quod
787 1865 841 1893 me
851 1851 1023 1906 perdidit
1034 1883 1047 1903 ,
1086 1867 1178 1895 uuus
1194 1867 1292 1896 eras.

265 1955 346 1992 vu,
371 1955 431 1995 13.
466 1941 514 1982 ad
531 1942 735 1982 Perillam:

431 2034 538 2077 Num
556 2033 627 2074 tibi
648 2045 726 2073 cum
734 2029 840 2084 fatis
855 2047 970 2074 mores
987 2032 1150 2074 Natura
1162 2031 1336 2087 pudicos,

491 2090 549 2131 Et
568 2102 684 2131 raras
702 2088 820 2136 dotes,
851 2091 1127 2142 ingeniumque,
1159 2089 1274 2131 dedit.

435 2146 519 2188 Hoc
536 2158 595 2199 ego
614 2144 818 2198 Pegafidas
834 2145 970 2186 deduxi
979 2147 1127 2199 primus
1143 2146 1196 2186 ad
1210 2146 1350 2193 undas,

495 2201 558 2243 Ne
572 2203 664 2242 male
673 2200 858 2254 fecundae
874 2215 970 2243 veua
984 2203 1129 2254 periret
1144 2215 1274 2256 aquae.

435 2259 607 2313 [Primus
625 2259 665 2298 id
680 2259 840 2311 adspexi
857 2260 999 2299 teneris
1019 2259 1060 2299 in
1078 2260 1238 2313 virginis
1254 2260 1384 2300 annis:

495 2316 633 2366 thue
649 2325 779 2368 patet,
811 2328 936 2357 venae
952 2315 1111 2414 ᾰυὶὶξὲιε
1129 2328 1342 2369 comesque
1358 2314 1456 2369 fui]
1591 2370 1632 2413 E

1633 2383 1721 2426 rgo,
