2070 2740
339 181 445 220 XVI
618 163 1601 215 PRAEFATIO.

345 322 508 377 οἵτ’μκντι
539 323 592 376 τῷ
613 320 783 377 Πριάμου
814 321 1038 371 συνήντησεν
1059 320 1231 378 Ὀρφὲὑς
1252 355 1266 376 ‚
1312 332 1520 382 eumque
1543 315 1718 364 multos
1731 353 1748 378 9
1795 316 1842 364 in

346 386 416 434 his
443 384 696 435 Fabricium
721 385 842 434 Bibl.
873 385 956 434 Gr.
985 385 1023 446 Ι,
1052 401 1161 434 xv1
1179 403 1255 446 11,
1285 401 1329 449 5.
1389 383 1546 452 sequi:
1586 384 1666 434 sed
1693 384 1842 433 Grae-

348 455 513 518 culus,
564 457 741 505 eodem
774 469 939 521 captus
975 472 1165 519 errore,
1217 472 1315 522 quo
1345 455 1599 517 Gesnerus,
1640 453 1841 503 Heleno

349 525 630 587 tribuenda,
687 524 1031 573 'l'hiodamanti
1069 526 1264 588 tribuit,
1317 525 1366 573 &
1401 541 1488 591 pro
1522 540 1639 572 vero
1678 522 1841 572 Priami

349 592 450 643 filio
501 593 663 642 saliam
708 594 917 658 subjecit.
1021 594 1069 642 ln
1105 596 1250 661 prima
1285 595 1480 661 quidem
1511 606 1644 660 parte
1680 594 1843 641 carmi·-

349 665 417 711 nis
431 702 447 727 ,
467 664 618 729 quase
631 700 648 726 ,
674 663 798 711 sacra
825 663 923 711 Soli
946 661 1213 728 safiturum,
1237 663 1434 731 scriptor
1459 660 1712 712 occurrisse
1740 679 1842 711 nar-

347 748 442 796 rat,

556 847 744 903 'Ayfo‘frsv
774 846 886 892 εἴηδ’
905 849 994 889 ἴσντι
1013 847 1200 904 περίφρονι
1221 847 1475 904 Θειοδάμαντι
1488 884 1501 906 ‚

348 977 591 1028 nunquam
626 959 790 1010 Priami
826 957 973 1008 filium
1008 974 1179 1023 vocat,
1238 974 1382 1027 atque
1409 958 1532 1008 adeo
1556 957 1841 1025 perfamilia-

347 1047 420 1078 res
457 1048 564 1079 cum
603 1046 665 1078 eo
702 1028 942 1078 sermones
982 1027 1204 1092 confert,
1251 1046 1310 1077 ex
1334 1029 1505 1096 quibus
1529 1025 1705 1077 confici
1730 1045 1841 1095 pos-

349 1097 430 1163 sit,
493 1100 669 1148 amicos
703 1113 891 1147 veteres
927 1097 1063 1148 fuiffe
1087 1137 1104 1162 2
1156 1099 1234 1165 qui
1271 1098 1476 1147 eandem
1510 1098 1678 1147 urbem
1710 1097 1840 1148 coie-

349 1183 469 1219 rent.
545 1169 712 1235 ltaque
741 1182 882 1217 notus
910 1167 986 1217 ille
1011 1167 1221 1216 Lucretii
1245 1166 1431 1232 versus,

556 1287 758 1352 Pergula
778 1287 998 1354 piam-um
1010 1325 1028 1352 9
1073 1291 1170 1336 veri
1194 1287 1334 1352 nihil,
1375 1291 1518 1337 omnia
1525 1286 1612 1353 fal
1629 1307 1656 1336 a
1668 1325 1687 1352 ,

348 1405 577 1455 convenit
602 1405 648 1453 in
675 1405 823 1468 haec,
864 1420 986 1471 quae
1011 1402 1070 1451 de
1096 1400 1467 1452 Thiodamantis
1494 1420 1678 1470 genere
1703 1402 1842 1453 tradit

355 1475 581 1525 Gesnerus
603 1492 647 1541 p.
679 1489 797 1539 293:
827 1511 865 1536 „
891 1472 1205 1522 Theodamas
1229 1473 1306 1521 vel
1332 1472 1664 1521 Theiodamas
1680 1473 1741 1522 L.
1761 1488 1843 1537 20,

352 1582 388 1608 2,
443 1560 515 1606 14.
569 1545 874 1592 Abarbareae
912 1541 963 1590 F.
1005 1541 1065 1590 L.
1109 1559 1190 1605 ΙΙ,
1225 1545 1332 1605 Ιῐῗ.
1422 1541 1588 1591 Frater
1613 1540 1845 1592 Hectoris

351 1633 389 1679 ¹„
436 1613 496 1662 L.
531 1616 613 1676 18,
641 1614 722 1675 46.
751 1612 797 1663 ὅτ
837 1625 916 1676 55.
965 1610 1011 1660 &
1050 1609 1339 1660 Cassandrae
1365 1609 1426 1659 L.
1457 1625 1538 1679 29,
1567 1625 1611 1674 7.
1689 1610 1847 1661 Dolo-

352 1721 390 1748 „
438 1699 550 1731 nem
574 1687 793 1742 θεράποντα
812 1681 942 1729 suum
967 1694 1109 1729 vocat
1135 1680 1196 1729 L.
1221 1684 1299 1743 18,
1326 1693 1406 1743 54.
1421 1717 1459 1742 9,
1500 1679 1751 1729 Convenit
1777 1681 1849 1728 iti-

354 1790 390 1816 „
435 1751 545 1800 dem
581 1751 628 1799 in
662 1752 750 1799 alia
783 1750 1074 1817 genealogi,
1119 1749 1265 1797 veluti
1290 1766 1336 1814 p.
1377 1762 1555 1813 2911„
1614 1748 1849 1816 Menalip-

357 1837 443 1889 pus
492 1821 580 1869 La.
624 1837 708 1883 11,
735 1836 816 1886 93.
855 1823 1012 1876 ἀνεψιὸς
1033 1817 1444 1868 Theodamantis:
1490 1816 1775 1880 „Hectoris
1801 1818 1851 1869 &

357 1929 395 1954 9,
438 1889 648 1938 Dolonis
678 1899 734 1936 12.
760 1896 816 1951 O,
844 1901 957 1951 554.
973 1924 1011 1950 ,,
1069 1885 1373 1953 Menalippus
1408 1887 1538 1935 enim·
1569 1885 1658 1936 fuit
1694 1889 1854 1946 ἀνεψιὸς

362 1958 569 2018 Heleni3
608 1957 1050 2006 Laomedontiades
1075 1969 1236 2005 autem
1260 1955 1484 2024 Dolop5‚
1522 1973 1625 2007 non
1646 1956 1851 2022 Dolon,

362 2029 420 2077 ab
447 2026 643 2076 Homero
667 2027 950 2075 nominatur.

437 2095 550 2146 Hoc
579 2114 692 2146 vero
718 2096 854 2145 metri
878 2095 995 2143 vitio
1022 2093 1173 2159 lusus³

669 2212 788 2260 velut
813 2209 988 2272 obscura
1012 2223 1161 2276 captus
1185 2215 1358 2277 regione
1381 2216 1584 2280 viarum,

591 2278 889 2346 Notflivagum
913 2285 988 2348 qui
1010 2285 1158 2346 carpit
1179 2284 1267 2331 iter
1276 2318 1295 2346 2

1675 2360 1858 2430 ubique
