2070 2740
309 259 332 289 ε
461 241 1580 287 EMENDATIONVM

743 364 986 419 Siderumque
1013 367 1231 406 micantium

741 421 934 463 Subducat
957 436 1149 463 numerum
1166 424 1297 476 prius,

738 478 822 536 Q‘i
844 477 963 534 vestri
984 491 1182 520 numerare
1205 479 1290 520 vult

852 534 986 576 Multa
1008 536 1128 577 millia
1149 535 1242 576 ludi.

302 646 369 686 Dc
399 657 479 695 quo
512 643 694 685 tollendo
727 654 805 684 tam
835 646 967 684 variae
998 644 1087 684 sunt
1118 646 1380 696 interpretum
1398 671 1410 691 ,
1455 653 1613 696 tamque
1641 643 1819 686 diversae

301 702 519 743 sentcntiae
536 728 548 747 ,
593 710 638 739 ut
663 712 801 740 omnes
825 700 1110 751 perdifficiliter
1134 702 1280 752 exponi
1303 710 1461 752 queant.

356 758 407 797 Is.
432 755 579 809 Vossius
595 756 729 796 censet
749 757 914 796 omnino
929 756 1092 808 poetam
1109 756 1300 808 scripsisse
1311 756 1442 809 pulvis
1458 756 1667 811 Erythris,
1699 769 1818 809 quem

301 843 330 862 „
361 815 413 854 110
430 814 601 865 explieat
616 827 655 865 p.
681 812 989 864 145.Erythron
1007 811 1150 852 tractus
1169 811 1224 851 est
1241 811 1309 851 seu
1324 825 1411 864 pars
1432 813 1817 866 Cyrenaicae,cujus

301 899 330 918 ‚,
361 871 607 909 mentionem
623 869 720 909 facit
735 869 1000 909 Ptolemaeus.
1031 867 1197 909 Trac'tus
1214 869 1280 917 hic
1295 867 1383 908 satis
1401 871 1478 908 late
1493 872 1675 922 patebat,
1699 879 1819 922 utpo-

300 955 329 976 ,‚
361 936 400 966 te
435 927 503 977 qui
534 938 617 964 non
650 935 803 965 tantum
825 926 1147 978 promontorium
1165 951 1178 972 ,
1222 924 1331 976 quod
1353 923 1503 971 Ἐρυθςρὲν
1521 921 1622 971 ἄκρῳ
1652 926 1818 978 Stepha-

300 1011 330 1032 „
361 995 434 1022 nus
460 992 602 1029 vocat,
633 982 699 1021 sed
725 983 930 1034 complura
953 982 1111 1033 insuper
1136 981 1284 1033 oppida
1305 980 1373 1021 seu
1388 981 1500 1020 vicos
1519 983 1756 1022 contineret.
1775 1005 1816 1015 --

300 1068 328 1087 „
359 1052 480 1091 porro
506 1040 553 1077 ab
579 1038 772 1089 Erythrio
797 1051 913 1092 agro,
953 1038 1116 1089 ejusque
1140 1037 1297 1090 oppidis
1321 1037 1548 1077 Palaebisca
1571 1038 1608 1077 &
1626 1038 1816 1090 Hydrace

298 1124 327 1144 „
361 1096 576 1146 incipiebat
592 1095 723 1146 Libya
739 1095 934 1135 siticulosa
951 1095 1017 1134 seu
1034 1094 1205 1135 arenosa.
1231 1119 1273 1127 --
1333 1093 1436 1134 Cum
1460 1094 1593 1145 itaque
1615 1094 1814 1146 Erythros

298 1181 327 1202 ,,
357 1153 424 1190 vel
447 1151 655 1202 Erythron
670 1161 840 1192 vocetur
857 1153 923 1192 illa
941 1151 1183 1203 Cyrenaicae
1199 1151 1356 1203 portio,
1387 1162 1487 1201 quae
1503 1150 1658 1202 Libyae
1675 1163 1815 1191 areno-

296 1237 325 1258 ‚‚
357 1208 417 1247 sac
442 1207 497 1247 est
521 1209 673 1255 vicina,
713 1208 750 1247 &
773 1209 822 1248 ab
847 1220 895 1248 co
921 1206 1047 1248 dietus
1072 1208 1119 1249 sit
1142 1207 1246 1248 sinus
1271 1207 1505 1258 Erythrius,
1535 1232 1576 1240 --
1593 1208 1742 1248 clarum
1757 1206 1815 1248 est

295 1293 325 1314 ‚,
356 1266 563 1315 pulverem
590 1264 823 1314 Erythrium
841 1278 862 1303 a
880 1264 1038 1304 Catullo
1056 1264 1245 1316 appellari
1262 1274 1396 1304 arenas
1416 1262 1666 1314 Cyrenaicas.
1726 1262 1814 1316 Ipse

295 1349 324 1370 ,‚
355 1320 606 1372 semetipsum
630 1321 801 1371 explicat
825 1321 867 1359 in
889 1320 1184 1373 Epigrammate
1208 1319 1258 1359 ad
1281 1319 1492 1368 Lesbiam,

487 1444 516 1464 „
549 1414 679 1473 ⁴ngrm
702 1427 858 1468 magnus
879 1428 1054 1456 muneras
1075 1414 1264 1470 Libyssae
1286 1426 1424 1457 arenae
1438 1443 1452 1464 ‚

485 1500 514 1520 „
545 1470 847 1526 Laserpicifhris
863 1473 969 1527 jacet
996 1471 1164 1526 Cyrenis*
1182 1473 1256 1513 &a

292 1566 428 1606 Multa
452 1574 584 1606 tamen
607 1566 696 1606 sunt
713 1593 726 1612 ,
765 1577 865 1617 quae
889 1578 961 1606 nos
985 1565 1248 1607 assensionem
1270 1566 1460 1607 cohibere
1480 1565 1658 1617 jubeant.
1724 1565 1811 1607 Pri-

289 1635 399 1662 mum
424 1623 582 1663 codices
607 1634 745 1662 omnes
764 1649 777 1669 ,
815 1623 856 1662 in
881 1623 940 1662 his
964 1621 1045 1662 duo
1075 1620 1266 1676 Vosfiani,
1297 1636 1396 1675 quos
1414 1623 1676 1676 inspeximus,
1707 1623 1808 1663 offe-

288 1689 411 1726 runt,
452 1679 653 1732 pulveris,
700 1678 886 1730 idemque
918 1679 1081 1719 exhibet
1112 1681 1312 1732 exemplar
1341 1689 1458 1719 vetus
1476 1707 1488 1725 ‚
1541 1679 1651 1730 quod
1688 1679 1808 1732 Regii

290 1735 436 1787 Lepidi
468 1735 618 1787 prodiit
649 1736 772 1775 Anno
810 1737 943 1784 1481,
987 1736 1046 1774 uti
1073 1735 1153 1786 jam
1182 1736 1340 1775 monuit
1364 1732 1434 1790 Jo.
1464 1734 1554 1774 Ger.
1587 1733 1734 1788 Vosstus
1756 1735 1807 1775 de

288 1791 410 1831 Vitiis
442 1792 490 1831 J„
526 1792 564 1831 S.
599 1791 631 1838 Ι,
665 1803 756 1830 21.·
790 1790 954 1831 Deinde
976 1803 1096 1831 nemo
1121 1793 1301 1832 omnium
1322 1791 1588 1843 scriptorum,
1626 1792 1696 1842 qui
1719 1793 1806 1842 qui-

290 1847 380 1888 dem
406 1848 609 1898 superfluit
625 1874 637 1893 ,
671 1847 801 1898 pulvis
822 1847 1026 1898 usurpavit
1046 1860 1120 1899 pro
1138 1848 1323 1900 pulveris.
1390 1847 1599 1887 Praeterea
1627 1847 1715 1886 satis
1747 1847 1805 1888 est

290 1905 509 1956 argumenti
546 1902 735 1942 Catullum
765 1915 848 1942 non
877 1902 1070 1954 scripsisse
1095 1903 1255 1955 pulvis,
1300 1903 1409 1954 quod
1441 1903 1804 1944 Grammaticorum

290 1961 389 1999 nulli
423 1959 602 1998 infinitae
640 1959 697 1998 rei
735 1959 1014 1999 meminerunt.
1088 1959 1281 2010 Denique
1316 1959 1555 2000 Latinorum
1593 1959 1804 2012 poetarum

291 2015 430 2066 scripta
455 2015 725 2067 per-volutanti
749 2014 993 2068 Erythraeus
1018 2017 1202 2056 omnibus
1227 2017 1324 2056 locis
1349 2016 1388 2056 se
1411 2016 1552 2063 offert;
1587 2015 1807 2069 Erythrius

291 2082 420 2111 autem
455 2084 646 2122 nmquam
678 2073 860 2123 reperias.
928 2071 1162 2119 Postremo,
1207 2073 1236 2113 11
1269 2071 1468 2120 Catullus,
1520 2073 1587 2123 qui
1617 2074 1735 2124 plane
1765 2073 1806 2113 &

290 2128 463 2168 dilucide
503 2129 611 2179 loqui
649 2127 778 2175 solet,
831 2139 964 2168 arenas
1005 2127 1242 2180 Cyrenaicas
1280 2130 1447 2183 intelligi
1484 2129 1704 2178 voluisset,
1755 2127 1806 2169 ad

289 2184 522 2237 Erythriunz
546 2185 754 2236 pulverem
777 2184 925 2236 aliquid
948 2184 1185 2236 adjunxisset
1201 2213 1213 2233 ,
1251 2185 1361 2236 quod
1384 2193 1518 2238 aperte
1542 2187 1677 2227 locum
1699 2184 1803 2226 indi-

290 2251 418 2287 caret,
456 2253 506 2279 ne
530 2242 615 2291 quis
640 2240 851 2293 Erythraei
875 2242 990 2281 maris
1015 2253 1170 2282 arenam
1194 2241 1401 2296 significari
1425 2251 1603 2296 putaret,
1632 2251 1678 2283 ut
1693 2254 1803 2283 nunc

289 2295 554 2350 Erythraemn
575 2297 767 2348 pulverem
789 2297 971 2338 Videmus
997 2299 1196 2351 explicari.
1264 2298 1396 2353 Quam
1425 2300 1559 2339 multis
1576 2326 1589 2346 ,
1627 2298 1800 2351 exempli

291 2354 441 2400 caussa,
471 2355 603 2393 verbis
621 2364 795 2395 mentem
812 2356 1003 2407 explicat,
1035 2356 1072 2395 &
1087 2356 1203 2397 situm
1220 2357 1297 2396 loci
1316 2357 1441 2408 aperit
1456 2356 1498 2396 in
1513 2355 1572 2396 his
1596 2355 1685 2409 ipfis
1708 2366 1799 2395 ver·

290 2410 412 2458 libus,
443 2411 585 2462 quibus
604 2411 836 2463 opinionem
853 2410 1085 2463 confirmare
1102 2422 1269 2456 conatur
1288 2410 1457 2466 Vosfius,
1501 2468 1506 2474 ι
1673 2465 1709 2504 Ο

1668 2477 1799 2526 Quam
