2070 2740
316 233 362 270 14
493 215 1613 260 EMENDATIONVM

310 324 464 364 Fateor.
527 322 605 363 Sed
629 334 704 376 ego
731 321 878 363 Catullo
896 349 908 369 ,
946 335 1063 373 quam
1090 321 1367 363 Grammaticis
1390 322 1510 364 fidem
1533 325 1681 366 habere
1704 330 1820 370 malo.

307 381 498 431 Denique
529 380 666 431 supina
698 380 947 419 librariorum
972 379 1211 431 negligentia
1234 380 1378 426 crebro
1392 378 1506 432 saepe
1528 383 1569 421 in
1584 381 1731 436 semper
1756 387 1822 426 ab-

306 437 393 477 iisse
417 437 603 476 discimus
629 447 677 475 ex
700 437 816 475 variis
841 437 1080 475 lectionibus
1104 435 1285 475 indicatis
1310 436 1358 475 ad
1381 435 1510 476 Lucre
1568 450 1624 486 iv,
1656 443 1752 488 986.
1785 443 1824 482 &

306 491 458 548 Sallust.
483 493 529 533 B.
558 493 672 532 Catil.
698 505 763 539 xx,
796 505 855 542 14.
889 492 1030 532 Codex
1052 494 1171 532 etiam
1198 491 1397 545 Vosficmus
1412 491 1518 547 Prop
1539 501 1591 534 rt.
1617 495 1650 543 Ι,
1670 510 1734 545 111,
1751 510 1820 549 44.

304 563 377 602 pro
394 577 405 596 ,

519 616 692 659 Externo
717 617 844 673 lotqgas
869 618 980 670 saepe
1005 620 1045 658 in
1069 631 1193 658 amore
1217 630 1361 665 moras,

304 686 424 726 offert
438 684 607 738 semper,
645 695 689 725 ut
714 683 931 737 BafiIeLs‘nfis
955 687 994 724 in
1013 684 1210 739 Juvenale
1227 700 1286 734 vl,
1307 689 1400 726 602.
1432 685 1534 727 Item
1550 687 1654 740 apud
1674 687 1819 731 Cicero-

302 755 380 782 nem
406 743 570 781 Tuscul.
598 740 759 795 Quaest.
789 753 845 788 iv,
885 753 945 780 12.
977 754 1050 793 pro
1083 741 1236 781 dicimus
1267 743 1439 796 quosdam
1469 744 1710 798 tornzinofin,
1748 759 1820 787 non

302 799 389 851 qaia
409 799 491 853 jam
507 797 585 851 filit
606 812 617 845 ‚·
646 796 718 851 stul
739 799 827 850 quia
852 797 993 850 saepe;
1031 798 1068 837 &
1093 796 1281 837 Pacatum
1304 799 1449 851 Paneg.
1475 813 1508 839 c.
1527 812 1594 849 40.
1625 814 1698 853 pro
1706 800 1820 855 saepe

297 856 430 910 jejuna
454 856 688 907 vulgabatur
703 852 871 907 semiper,
910 866 1121 906 antequam
1148 854 1392 902 Gebhardtts,
1423 856 1460 894 δε
1476 854 1684 912 Livinejus
1700 870 1721 897 e
1737 871 1818 898 me-

302 913 466 952 lioribus
498 913 606 951 libris
639 920 903 951 correxerant.
998 911 1177 951 Eandem
1210 913 1403 951 maculam
1433 923 1561 963 nuper
1592 924 1614 952 e
1648 913 1820 967 Caesaris

303 970 412 1009 libris
430 969 479 1008 de
498 968 611 1007 Bello
631 968 719 1007 Civ.
740 981 804 1015 111,
823 970 889 1016 96.
921 967 1071 1007 delevit
1089 966 1346 1007 Alarklandm
1361 969 1402 1006 in
1418 966 1615 1019 Explicat.
1675 969 1815 1012 Veter.

299 1026 451 1075 aliquot
475 1025 721 1077 Scriptorum
746 1037 785 1076 p.
813 1027 906 1075 278.
936 1026 1122 1076 praeclare
1145 1024 1374 1065 restituens:
1411 1022 1474 1062 At
1496 1025 1536 1063 hi
1551 1023 1756 1078 miserrimo
1774 1039 1818 1067 ac

294 1080 563 1134 patientirsimo
589 1081 770 1120 exercitui
795 1080 968 1134 Caesaris
997 1081 1181 1121 Imm-iem
1213 1080 1462 1135 objiciebant,
1510 1081 1568 1120 cui
1598 1082 1712 1134 saepe
1743 1096 1816 1123 om-

299 1139 363 1178 nia
394 1137 445 1178 acl
475 1136 717 1191 necessarium
747 1136 850 1191 usum
881 1135 1098 1191 defuirsent.
1167 1138 1422 1177 Contrarium
1445 1137 1634 1178 mendum
1659 1140 1720 1178 vir
1744 1139 1815 1178 do-

299 1194 489 1236 Gtisfimus
514 1196 553 1234 in
579 1194 746 1235 Observ.
772 1194 948 1234 Miscell.
974 1194 1069 1234 X'ol.
1096 1207 1151 1234 1v.
1170 1207 1209 1247 p.
1230 1204 1294 1245 39.
1327 1193 1479 1233 sustulit
1495 1205 1516 1232 e
1532 1193 1740 1235 Lafflantio
1765 1195 1814 1235 de

296 1251 503 1292 Mortibus
528 1251 680 1291 Persec.
707 1265 741 1291 c.
765 1264 805 1291 v.
831 1250 1064 1291 auetoritate
1088 1251 1180 1292 MS.
1207 1251 1356 1291 codicis
1380 1251 1610 1303 corrigens:
1655 1251 1814 1292 Adver-

287 1307 414 1360 sarios
429 1307 507 1346 Dei
522 1308 673 1358 semper
691 1306 841 1358 dignam
850 1306 1065 1360 sceleresuo
1089 1309 1251 1360 recipere
1274 1305 1483 1347 mercedem.
1547 1306 1814 1361 Groninganus

296 1364 413 1404 etiam
437 1365 539 1404 liber
563 1361 761 1415 Propertii
784 1363 858 1409 ΠΙ,
883 1376 951 1410 xv,
978 1377 1022 1403 11.
1052 1376 1125 1416 pro
1143 1391 1155 1410 ,

511 1432 676 1485 Semper
699 1431 794 1471 enim
817 1443 954 1472 vacuos
975 1444 1047 1472 nox
1061 1430 1196 1486 sobria
1219 1437 1369 1484 torquet
1390 1436 1558 1470 amantes
1573 1458 1587 1478 ‚

293 1500 414 1540 habet
542 1529 552 1539 .

349 1498 634 1596 Em'efsseciftioni
661 1557 899 1597 certissimae
923 1556 1018 1596 duas
1042 1554 1289 1607 conjecturas
1312 1554 1505 1606 subjicere
1528 1554 1658 1594 liceat.
1677 1553 1809 1597 Carm-

291 1624 333 1660 κ,
360 1624 425 1665 33.
451 1615 575 1666 vulgo
600 1614 769 1666 legitur:
791 1626 797 1632 ·

508 1679 584 1720 Sed
606 1688 676 1728 tu,
715 1680 875 1726 insulsa,
912 1680 1006 1720 male
1023 1708 1034 1727 ‚
1073 1678 1123 1726 G?
1140 1677 1286 1733 molesta
1309 1679 1415 1719 vivis
1431 1704 1445 1725 ,

508 1736 589 1777 Per
611 1750 722 1790 quam
744 1750 815 1777 non
837 1737 922 1777 licet
945 1735 1016 1790 esse
1037 1737 1291 1789 negligentem.

292 1815 372 1856 Sed
409 1817 550 1857 insulse
586 1818 720 1870 puella
749 1816 894 1857 dieitur
924 1815 1091 1870 insulsa,
1136 1828 1253 1866 quam
1284 1824 1414 1856 totum
1445 1825 1604 1854 carmen
1632 1812 1808 1858 ostendit

291 1873 529 1914 salsissimam
551 1873 672 1913 fuisse
688 1900 701 1920 ‚
740 1882 858 1923 atque
882 1873 981 1912 adeo
1004 1873 1125 1924 poeta
1146 1884 1186 1911 v.
1211 1883 1251 1921 4.
1276 1880 1397 1912 vocat
1410 1868 1622 1924 scortillum

508 1949 597 1992 Non
613 1951 708 2006 sane
732 1949 921 2003 illepidam
945 1963 1006 1990 nec
1029 1948 1275 2006 invenustum.

292 2031 549 2085 Quapropter
575 2029 624 2085 Is.
655 2030 830 2084 Voifius,
868 2029 1022 2084 invisa,
1061 2030 1100 2069 id
1126 2029 1203 2077 est,
1241 2029 1398 2077 odiosa,
1435 2031 1678 2082 inportuna,
1716 2042 1805 2072 cor-

290 2088 452 2141 rigebat.
521 2087 616 2128 IIoc
645 2087 806 2139 quidem
834 2087 921 2138 jure
953 2089 1014 2127 cl.
1040 2086 1258 2127 Burmanno
1281 2086 1485 2139 displicuit
1508 2085 1676 2126 Observ.
1700 2086 1804 2128 Mis-

290 2145 376 2183 cell.
404 2143 497 2182 Vol.
523 2156 561 2183 v.
586 2158 624 2196 p.
649 2158 704 2185 xr.
736 2146 805 2184 ubi
831 2154 959 2185 totum
983 2156 1140 2185 carmen
1163 2143 1399 2191 illustravit,
1443 2143 1511 2184 sed
1532 2143 1804 2186 difficultatem

290 2211 373 2241 non
397 2201 502 2239 tollit
525 2201 594 2253 ipsi
618 2203 785 2255 probata
808 2200 926 2241 lec'tio
945 2216 954 2240 :

506 2290 581 2331 Sed
603 2299 644 2331 tu
661 2320 673 2340 ‚
712 2293 851 2335 insulsa
868 2321 880 2341 ‚
918 2295 1018 2334 mala
1034 2321 1046 2341 ,
1085 2291 1134 2340 C?
1157 2291 1303 2349 molesta
1326 2294 1434 2335 vive.

289 2391 364 2421 nec
381 2380 664 2435 explicationes
680 2383 945 2438 interpretum
958 2382 1215 2434 satisfaciunt.
1273 2383 1384 2431 Mihi
1395 2382 1545 2436 requiri
1559 2380 1752 2476 videtur&
1770 2433 1800 2479 d

1751 2448 1768 2477 e
