2070 2740
310 200 397 243 168
523 189 1634 237 EMENDATION'VM

317 310 507 366 primitias
532 310 708 355 olerum,
738 305 961 359 florumque
982 309 1246 360 pratenfium,
1283 320 1378 360 quas
1401 307 1650 351 Vertumnus
1665 337 1678 358 ‚
1715 309 1834 351 oiito'-

318 381 405 409 rum
425 367 558 413 Deus,
590 366 638 406 ab
662 365 874 404 olitoribus
897 364 968 405 fibi
993 374 1123 405 narrat
1140 366 1289 407 offerri.
1352 366 1608 420 Quapropter
1623 379 1706 407 non
1722 367 1835 408 dubi-

320 434 361 464 to
381 453 392 471 ,
438 425 531 474 quin
565 434 632 462 eos
658 421 806 461 librarii
830 421 896 460 sua
918 419 1008 460 sede
1035 424 1259 472 moverint3
1303 423 1530 476 praesertim
1555 436 1646 466 cum
1669 422 1833 472 cun<sta‚

318 482 477 522 sublatis
503 481 547 520 iis
566 507 578 526 ‚
607 480 808 531 praeclare
826 477 1082 517 cohaereant:

544 578 727 632 Suppetat
744 578 829 624 hoc,
850 578 967 630 pisces
983 577 1122 619 calamo
1134 577 1372 632 praedahor,·
1403 579 1452 627 &³
1470 582 1526 623 ibo

599 633 768 691 Mundus
785 632 937 690 demiffis
953 632 1102 690 institor
1117 636 1156 675 in
1173 636 1320 676 tunicis.

545 689 740 746 Pastorem
756 689 808 731 ad
823 691 991 732 bandum
1003 689 1143 747 poffum
1158 704 1316 740 curare,
1347 693 1410 733 vel
1423 693 1519 735 idem

605 747 805 800 sirpiculis
821 746 935 788 medio
947 748 1107 801 pulvere
1115 745 1230 801 ferre
1247 748 1380 803 rosam.

549 804 611 846 At
628 806 738 851 mihi,
770 803 865 858 quod
872 802 1027 857 formas
1041 817 1135 845 unus
1150 807 1332 846 vertebar
1348 807 1387 846 in
1404 818 1542 854 omnes,

605 860 774 903 Nomina
796 860 999 902 Vertumni
1009 863 1145 916 patria
1166 862 1295 915 lingua
1312 861 1428 904 dedit.
1456 883 1458 885 >

325 968 426 1009 Sunt
441 975 572 1007 autem
588 963 808 1018 reponendi
824 963 913 1017 post
928 977 967 1006 v.
992 977 1005 1004 1
1018 966 1054 1007 8.
1077 966 1158 1006 hoc
1175 964 1316 1005 modo:

549 1066 622 1107 Seu
637 1067 724 1119 quia
741 1063 1112 1118 vertentisfruftum
1124 1067 1379 1118 praecepimus
1395 1068 1506 1114 anni,

610 1123 812 1163 Vertumni
833 1122 971 1162 Tuscus
994 1121 1155 1162 credidit
1178 1120 1244 1176 effe
1251 1120 1418 1174 sacrum.

548 1179 686 1220 Prima
703 1179 794 1218 mihi
809 1180 944 1218 variat
960 1178 1164 1218 liventibus
1178 1189 1258 1217 uva
1276 1178 1456 1225 racemis,

605 1235 663 1276 Et
679 1247 777 1275 coma
793 1234 949 1276 laccenti
954 1233 989 1288 s
977 1235 1083 1287 picea
1091 1231 1215 1286 fruge
1229 1240 1358 1274 tumet.

549 1293 630 1334 Hic
647 1291 767 1332 dulces
784 1290 945 1345 cerasos,
975 1291 1034 1331 hic
1049 1291 1284 1331 autmnnalia
1297 1298 1424 1343 pruna

609 1349 760 1396 Cernis,
792 1346 841 1394 ἐξ)
858 1346 998 1403 aestivo
1014 1361 1117 1390 mora
1134 1348 1268 1388 rubere
1283 1347 1352 1387 die.

551 1405 691 1459 Infitor
708 1406 765 1445 hic
773 1403 896 1458 sblvit
908 1403 1054 1458 pomosa
1070 1412 1162 1446 vota
1179 1416 1335 1451 corona,

612 1462 702 1502 Cum
714 1471 835 1515 pyrus
851 1463 972 1502 invito
978 1460 1112 1515 stipite
1128 1461 1227 1502 mala
1244 1461 1346 1501 tulit.

552 1517 658 1559 Nam
675 1517 766 1572 quid
779 1531 841 1571 ego
857 1517 1058 1572 adjiciam,
1089 1517 1132 1558 de
1144 1530 1214 1571 quo
1230 1518 1321 1557 mihi
1336 1515 1500 1556 maxima
1516 1528 1607 1557 cura
1624 1513 1696 1571 cst,

606 1574 821 1615 Hortorum
837 1575 875 1615 in
891 1574 1059 1614 manibus
1075 1573 1170 1615 dona
1184 1573 1347 1627 probata
1363 1573 1462 1612 meis.

554 1632 754 1672 Caeruleus
770 1632 948 1680 cucumis,
978 1629 1188 1683 tumidoque
1203 1630 1397 1670 cucurbita
1412 1637 1548 1670 ventre

607 1686 676 1728 Me
693 1695 821 1736 notat,
852 1685 901 1734 E?
917 1689 1021 1728 iunco
1038 1686 1194 1743 braffica
1210 1687 1340 1727 υἱηὲἶα
1357 1686 1446 1726 levi.

553 1743 603 1785 N
601 1743 719 1799 eq‘los
733 1745 829 1784 ullus
845 1745 927 1785 hiat
940 1745 1088 1797 pratis,
1119 1744 1207 1797 quin
1226 1743 1287 1784 ille
1304 1742 1473 1784 decenter

608 1799 802 1855 Impofitus
809 1799 947 1854 fronti
961 1802 1140 1854 langueat
1156 1809 1243 1842 ante
1265 1812 1376 1840 meae.

330 1906 382 1945 sic
406 1904 590 1944 arborum
613 1904 730 1955 primi
754 1901 883 1949 fetus,
915 1903 952 1941 &
976 1903 1130 1941 olerum
1146 1901 1370 1950 florumque
1387 1899 1628 1951 pratenfium
1643 1898 1839 1951 primitiae

329 1959 540 2001 commode
567 1960 814 2011 junguntur,
860 1968 904 1998 ut
931 1959 1103 2009 pomaria
1133 1955 1170 1995 δε
1200 1958 1302 1998 horti
1328 1957 1549 2010 junguntur
1578 1955 1682 2009 apud
1717 1954 1838 1998 Ovid.

328 2018 497 2058 Metam.
515 2028 602 2064 mv,
623 2018 719 2065 624,
740 2017 833 2064 689.
865 2015 903 2055 ὅ(
923 2014 1060 2056 Colum.
1078 2028 1118 2062 x,
1139 2016 1232 2056 228.

330 2112 382 2151 ib.
400 2121 467 2159 47.

552 2201 615 2243 At
632 2203 741 2249 mihi,
773 2201 869 2255 quod
875 2200 1030 2255 formas
1047 2215 1140 2243 unus
1154 2203 1337 2244 vertebM·
1353 2204 1391 2243 in
1414 2215 1553 2250 omnes,

608 2257 753 2299 Nomen
771 2261 819 2300 ab
837 2269 985 2300 eventu
999 2261 1132 2313 patria
1149 2261 1279 2313 lingua
1296 2259 1409 2301 dedit.

327 2369 591 2430 Pafferatinsq
619 2395 651 2417 2,
670 2369 715 2409 ab
740 2378 874 2412 eventu
891 2372 918 2419 ,'
941 2372 988 2413 ab
1021 2369 1168 2413 effi÷<stu
1185 2398 1196 2420 ,
1235 2369 1281 2424 (a
1305 2369 1500 2414 vertendo
1523 2366 1699 2422 scilicet)
1721 2367 1835 2418 quia,

1737 2434 1838 2474 quae

561 2518 581 2547 C
