2070 2740
525 156 559 203 C
665 160 703 199 A
817 158 849 201 P
960 159 1001 198 V
1111 158 1152 200 T
1286 159 1292 163 ’
1336 160 1428 202 ΧΠ.
1665 176 1745 218 227

230 263 396 320 Semper
428 266 579 306 animus
610 265 761 316 aliquot
791 262 840 303 de
865 264 987 304 caufis
1017 264 1235 308 offenditur
1266 267 1310 309 in
1338 269 1516 311 verfibus
1552 281 1626 322 53,
1662 282 1734 322 54:

229 325 400 375 primum
417 322 525 374 quod
542 320 685 376 frigida
699 322 789 361 sunt
807 320 989 372 &jeJ'una
1001 346 1015 367 ,

1089 398 1125 451 fi
1142 400 1224 452 quis
1239 400 1365 443 abillo

458 457 545 499 Hoc
555 463 700 512 peteret
709 463 782 509 pro
799 466 874 502 me,
899 452 1072 508 forsitan
1089 456 1151 496 ille
1170 455 1302 497 daret:

229 558 396 607 deinde,
427 557 533 609 quod
557 556 765 597 invenuste
791 564 1046 609 repetuntur,
1079 557 1127 598 ab
1150 559 1233 605 illo,
1264 558 1347 606 ille,
1379 559 1463 602 illo:
1493 568 1578 602 tum
1595 564 1734 612 etiam,

229 616 338 667 quod
363 617 578 667 inportune
601 625 747 655 nomen
770 613 936 667 Augusti
960 613 1118 655 videtur
1142 617 1290 670 ingeri,
1323 629 1414 657 cum
1437 617 1551 658 Deus
1575 620 1737 671 epistola

229 682 314 712 tota
331 680 496 711 vocetur
521 669 624 724 (20,
655 680 734 720 45,
767 669 882 723 88.);
915 671 974 717 (ἵε,
996 669 1138 724 sentit,
1177 673 1316 719 vivat,
1339 670 1474 727 finiet,
1498 675 1655 729 jubeat,
1686 679 1735 717 ab

228 726 705 782 ipsavoce‚Deus‚v.45.
735 727 882 779 pofita,
899 727 1112 780 pendeant.
1172 729 1486 783 Accedit,quod
1503 732 1732 774 cohaerent:

451 837 594 879 Mitius
611 836 797 890 exfilfflm,
828 838 1023 891 paulloque
1036 839 1303 894 propinquiu5‚
1327 849 1409 895 opto
1422 870 1435 891 ,

510 894 660 952 Quique
669 893 722 947 fit
739 907 762 933 a
770 893 888 946 saevo
907 895 1045 947 longius
1063 894 1178 951 hoste,
1211 897 1337 937 locum.

457 950 617 1003 Frigida
631 963 685 990 me
702 951 866 991 cohibent
884 950 1033 993 Euxini
1047 952 1162 992 litora
1180 952 1307 994 Ponti.

453 1007 552 1048 Sunt
567 1009 666 1048 circa
678 1014 824 1060 gentes,
855 1020 947 1061 quae
960 1007 1144 1061 praedam
1150 1006 1335 1063 sanguine
1351 1018 1550 1064 quaerunt„

232 1111 276 1143 ut
294 1103 410 1144 Trist.
437 1115 452 1142 1
467 1115 503 1149 1,
524 1115 539 1141 1
551 1104 616 1151 85.

456 1193 595 1235 Mitius
611 1193 775 1246 exsilium
785 1193 820 1245 fi
838 1193 927 1240 das,
952 1196 1198 1248 propiusque,
1230 1199 1382 1249 roganti
1389 1212 1405 1247 ‚-

516 1249 620 1290 Pars
637 1251 711 1289 erit
727 1262 744 1289 e
755 1258 873 1302 poena
888 1262 1023 1302 magna
1039 1251 1170 1292 levam
1186 1265 1277 1292 mea.

465 1304 611 1346 Ultima
623 1307 814 1359 perpetior
829 1305 962 1346 medios
973 1307 1165 1359 projeeffus
1179 1308 1218 1348 in
1233 1305 1369 1356 helles,

514 1361 596 1402 Nec
616 1364 809 1416 quisquam
820 1363 955 1415 patria
972 1363 1114 1415 longius
1130 1361 1233 1417 exsul
1248 1363 1360 1419 abest.

457 1416 564 1460 Solus
581 1418 633 1459 ad
649 1417 803 1475 egreffus
822 1417 945 1474 miffus
953 1417 1201 1473 septemplicis
1215 1418 1313 1476 'Istri

515 1474 748 1530 Parrhasiae
762 1475 884 1528 gelido
903 1476 1068 1528 virginis
1083 1490 1153 1517 axe
1165 1485 1340 1531 premor:

230 1582 301 1633 qui
316 1581 426 1622 locus
444 1580 661 1621 simillimus
679 1580 899 1620 &maxime
915 1582 1094 1634 geminus
1112 1580 1274 1623 Francia
1290 1592 1503 1636 repugnat,
1532 1583 1600 1636 qui
1618 1596 1658 1626 v.
1674 1595 1740 1636 55.

233 1636 397 1689 Frigida
412 1649 466 1676 me
486 1637 646 1677 cohihent
661 1656 750 1664 —--
767 1637 922 1676 initium
940 1649 1069 1678 novae
1088 1636 1250 1691 Elegiae
1267 1637 1343 1678 effe
1360 1640 1558 1682 credebat.
1603 1642 1741 1692 Itaque

233 1707 372 1748 parum
402 1692 531 1740 abest,
569 1693 664 1743 quin
697 1692 851 1743 ejiciam
875 1692 1031 1742 versus;
1068 1692 1117 1734 ad
1141 1705 1241 1744 quos
1266 1693 1473 1748 fingendos
1496 1697 1625 1740 ansam
1650 1699 1741 1740 dare

233 1752 366 1805 potuit
383 1750 502 1803 poeta
524 1749 640 1789 Pont.
659 1748 730 1797 III,
753 1761 802 1789 v1
818 1761 852 1796 1,
872 1761 910 1800 3.

454 1850 607 1904 Magna
624 1850 769 1906 quidem
785 1863 844 1891 res
860 1848 932 1905 est,
965 1862 1076 1903 quam
1090 1862 1161 1891 non
1176 1849 1341 1900 audem,
1372 1854 1494 1894 amici·

512 1907 607 1957 Sed,
632 1907 668 1962 fi
683 1908 764 1962 quis
775 1915 944 1961 peteret,
977 1908 1041 1961 qui
1058 1906 1150 1949 dare
1176 1908 1310 1958 vellet,
1339 1917 1438 1951 erat.

234 2004 273 2047 &
287 2006 402 2059 hujUs
422 2004 536 2061 Eleg.
554 2017 594 2046 v.
612 2015 681 2056 47.

518 2112 688 2166 Forsitan
704 2112 798 2153 hanc
816 2110 932 2165 ipsam
954 2111 1096 2165 (vivat
1113 2113 1242 2167 modo)
1253 2112 1366 2169 finiet
1383 2116 1489 2167 olim,
1536 2143 1539 2145 Δ

579 2170 751 2224 Tempore
767 2167 983 2222 cumfuerit
1001 2170 1117 2213 lenior
1133 2172 1217 2220 ira,
1240 2169 1391 2226 fugam.

295 2262 391 2305 ibid.
421 2275 461 2304 v.
497 2263 562 2304 81.

980 2367 1043 2410 Ff
1068 2380 1094 2408 2
1643 2371 1747 2413 Lae-
