2070 2740
334 176 353 202 ;
469 146 1592 206 ΕΜΕΝΒΛΤΙοΝνΜ

297 176 324 216 Nl

892 286 1000 342 senes
1024 294 1066 328 m*
1090 287 1129 328 in
1152 286 1229 328 otia
1252 293 1338 328 tuta
1360 287 1559 330 recedant:

303 386 419 431 turpe
443 379 562 432 igitur
584 376 774 419 mendum
798 380 839 419 in
863 390 992 426 voce,
1023 388 1157 432 caupo,
1188 379 1296 418 latet.
1357 379 1403 420 Id
1427 389 1560 420 autem
1581 381 1731 434 primus
1759 383 1820 422 vi-

305 435 365 476 dit
388 432 675 483 illarklamlnsj
707 436 773 475 sed
795 449 934 488 parum
958 436 1131 477 feliciter
1155 434 1280 489 (pace
1306 435 1444 477 Critici
1464 439 1622 491 magni,
1660 440 1697 478 δι
1720 451 1822 478 ama-

303 492 394 532 bilis
418 491 608 545 dixerim)
634 494 831 546 corrigere
855 504 1021 534 conatus
1045 493 1113 533 cst.
1154 494 1254 547 Quis
1280 493 1336 534 est
1360 495 1488 542 enim,
1520 496 1584 534 cui
1601 495 1825 547 persuaderi

302 550 426 601 possit
450 549 519 588 sub
544 551 698 598 verbis,
730 548 910 605 Perfidus
934 551 992 590 h1'c
1017 559 1151 603 wilpa,
1182 552 1326 598 latere,
1361 550 1576 604 Cazfirlicus
1599 549 1719 604 vafer
1736 553 1823 592 hic?

306 605 506 656 Equidem
529 618 679 646 vereor
697 635 709 653 ,
748 619 798 646 ne
825 607 997 647 Criticae
1028 620 1112 647 non
1141 608 1304 647 initiatis
1329 608 1498 648 ridendo
1521 621 1661 649 verum
1686 609 1827 649 dixisse

307 662 412 703 visus
437 663 505 708 fit,
537 675 628 702 cum
658 690 687 709 „
711 662 807 703 Deo
834 663 947 703 Risui
971 664 1075 703 sacra
1098 663 1136 703 se
1161 663 1293 704 facere
1311 692 1340 712 „
1370 665 1559 708 scriberet
1581 665 1706 720 Epist.
1728 666 1827 708 Crit.

309 732 348 772 p.
376 731 420 770 7:
458 720 590 758 nullus
616 728 748 760 autem
773 719 937 768 dubito,
968 721 1065 772 quin
1088 721 1231 773 reponi
1255 720 1420 769 debeat,

479 807 659 864 Peifidtts
687 811 746 851 hic
775 819 926 851 cautor.

314 900 417 955 Quis
448 902 554 940 enim
583 901 713 939 nescit
738 899 1040 951 jurisconsultos
1065 902 1228 954 proprie
1251 901 1330 942 dici
1353 902 1430 943 suis
1454 903 1668 944 clientibus
1685 902 1723 944 &
1739 914 1835 945 con-

312 958 526 998 lultoribus
552 957 713 998 cavere?
750 956 980 1011 Pervulgati
1002 958 1114 1006 sunt,
1153 958 1190 999 δε
1213 959 1255 999 in
1278 972 1348 1002 ore
1370 961 1590 1004 multorum
1612 961 1747 1004 versus
1779 960 1835 1004 O-

313 1013 414 1055 vidii
428 1042 441 1062 ‚

415 1126 418 1127 ν
482 1102 554 1145 Illo
568 1101 680 1156 saepe
703 1103 776 1145 Ioco
801 1103 951 1157 capitur
975 1105 1178 1145 consultus
1203 1118 1350 1154 amore,

543 1159 695 1216 ,Quique
719 1162 802 1201 aliis
827 1162 955 1209 cavit,
986 1163 1055 1202 ‘cix
1080 1172 1196 1203 cavet
1218 1162 1293 1217 ipse
1316 1164 1401 1205 fibi.

311 1251 430 1306 Quid
447 1251 467 1291 ἓ
502 1251 613 1301 quod
639 1250 765 1291 Cicero
784 1252 1086 1302 jurisconsultos
1117 1254 1335 1304 appellavit
1366 1260 1490 1294 cautos
1507 1253 1526 1292 .9
1562 1251 1696 1303 quid?
1732 1250 1842 1303 quod

315 1321 394 1350 nee
419 1307 500 1360 ipse
525 1319 600 1347 nec
626 1306 792 1347 Plautus
814 1321 836 1347 a
857 1309 984 1349 verbo
1001 1336 1014 1355 ‚
1052 1316 1183 1349 cautor
1201 1335 1213 1356 ‚
1251 1308 1401 1363 refugit
1417 1312 1437 1350 ἱ)
1480 1310 1672 1349 Librariis
1709 1318 1844 1351 tamen

318 1365 570 1418 incognitum
599 1363 720 1404 fuisse
749 1364 910 1406 videtur
927 1394 940 1413 ‚
979 1365 1018 1405 &
1048 1364 1139 1405 ideo
1170 1374 1366 1406 mutatum
1391 1367 1432 1406 in
1455 1367 1632 1407 usitatius
1650 1394 1662 1414 ‚
1700 1373 1844 1420 caupo,

319 1435 441 1476 quem
463 1420 641 1471 Flaccm,
671 1430 717 1462 ut
746 1423 833 1471 alii,
864 1435 957 1464 cum
979 1423 1107 1463 nautis
1131 1422 1340 1474 conjunxit
1363 1423 1488 1464 Serm.
1514 1423 1547 1470 Ι,
1571 1435 1614 1471 v,
1638 1434 1679 1474 4.

714 1514 867 1561 nautis,
899 1515 1146 1566 cauponibus
1171 1522 1282 1569 atque
1304 1514 1490 1566 malignis.

324 1602 424 1647 Erat
453 1603 592 1644 itidem
616 1602 742 1655 lapsus
775 1605 822 1644 ab
846 1616 926 1644 una
948 1616 1051 1645 voce
1083 1605 1131 1645 ad
1162 1607 1324 1646 alteram
1354 1604 1567 1646 facillimus
1586 1633 1599 1652 ‚
1638 1606 1730 1656 quia
1753 1613 1849 1646 con·

323 1662 471 1716 pendia
501 1661 714 1712 scripturae
747 1660 1042 1711 sequebantur,
1089 1662 1127 1702 &
1156 1662 1271 1715 saepe
1305 1660 1342 1701 P
1372 1675 1446 1715 pro
1484 1660 1525 1707 T,
1550 1664 1769 1714 ponebant.
1807 1673 1849 1701 v.

329 1719 498 1759 Gronov.
532 1717 663 1757 Diatr.
690 1715 792 1756 Stat.
820 1730 904 1770 cap.
933 1720 998 1769 36.
1028 1731 1068 1770 p.
1089 1730 1182 1769 232.
1215 1718 1393 1759 laudatus
1418 1731 1439 1758 a
1462 1717 1660 1759 Drakenb.
1685 1718 1734 1757 ad
1751 1716 1851 1758 Liv.

331 1774 544 1821 XXXVII,
571 1786 639 1821 xv,
677 1786 737 1813 11.
764 1774 831 1825 qui
855 1776 969 1826 plura
1000 1775 1245 1817 confusionis
1279 1777 1459 1828 exempla
1488 1775 1726 1827 suppeditat.
1787 1775 1854 1813 Sic

330 1835 462 1882 itaque
480 1859 492 1878 ‚
530 1832 694 1870 minima
716 1832 938 1871 mutatione
961 1830 1065 1871 fac‘ta
1082 1860 1094 1880 ‚
1132 1841 1303 1883 quatuor
1332 1833 1539 1872 hominum
1571 1841 1716 1885 genera
1737 1827 1857 1869 redu-

329 1899 505 1933 cuntur,
544 1899 644 1937 quae
676 1887 735 1926 bis
768 1896 883 1926 antea
907 1886 1064 1928 Flaccus
1088 1890 1348 1937 memoravit,
1387 1890 1564 1940 itemque
1589 1885 1854 1935 Prudentius,

332 1957 426 1988 eum
448 1944 631 1991 secutus,
664 1942 846 1984 Cathem.
875 1957 924 1991 11,
950 1955 1018 1994 41.

644 2032 763 2072 Illum
792 2032 959 2075 forensis
990 2035 1114 2089 gloria
1132 2063 1145 2083 ‚

646 2089 773 2129 Hunc
804 2090 912 2131 triste
942 2102 1069 2144 raptat
1099 2093 1326 2142 classicum,

647 2145 858 2187 Mercator
888 2149 971 2188 hinc
1000 2162 1042 2188 ac
1073 2150 1239 2190 rusticus

648 2201 798 2244 Avara
818 2203 1019 2258 suspirant
1048 2206 1168 2247 lucra.

398 2292 456 2331 At
479 2290 584 2330 enim
611 2286 660 2343 J.
689 2287 832 2344 Jones‚
864 2292 1041 2343 Anglus,
1073 2291 1228 2343 egregia
1252 2286 1487 2329 defensione
1511 2289 1550 2329 in
1573 2289 1679 2329 notis
1704 2285 1751 2329 ad
1776 2288 1814 2329 h.
1833 2286 1860 2329 1,

341 2360 469 2403 nuper
494 2346 582 2387 usus
608 2345 683 2386 est:
729 2374 758 2394 ,‚
785 2349 850 2388 Sic
873 2348 996 2389 MSS.
1023 2361 1185 2396 011111053
1215 2359 1264 2390 ex
1286 2345 1410 2389 ductu
1432 2348 1633 2389 literanum
1656 2346 1866 2446 facitdqui-

1779 2415 1863 2444 amr
