2070 2740
298 170 1568 231 &EME'NDATIONVM

297 290 377 333 Sed
411 287 588 341 inprimis
625 286 824 339 appositus
861 284 911 325 ad
944 285 1196 338 probandum
1231 287 1343 328 locus
1373 288 1429 329 est
1457 289 1574 330 Trist.
1606 289 1639 338 1,
1668 302 1712 340 v,
1739 303 1808 344 47.

472 354 541 397 Tot
564 354 663 394 mala
678 352 764 408 sum
782 351 934 407 passuS,
965 362 1051 407 quot
1068 355 1106 393 in
1123 355 1271 395 aethere
1286 355 1409 396 sidera
1424 357 1567 406 lucent,

525 410 734 464 Parvaque
757 417 845 464 quot
868 411 991 451 siccus
1017 420 1170 464 corpora
1193 414 1325 464 pulvis
1349 413 1472 453 hahet.

299 484 398 528 ubi,
445 492 494 521 ne
530 479 581 520 de
617 480 870 525 imitatione,
916 479 954 519 &
982 480 1151 519 veritate
1180 479 1437 522 correc'tionis
1467 481 1655 530 dubites,
1683 481 1815 536 Jia'era

300 541 339 581 &
353 539 470 593 fictus
489 536 617 589 pulvis
641 535 928 575 eodemmodo
953 536 1270 589 conjunguntur,
1309 546 1354 577 ut
1377 538 1418 577 in
1441 538 1558 578 versu
1583 538 1726 579 Catulli
1742 551 1814 592 per

301 609 375 637 nos
405 594 599 636 restituto.
660 592 812 632 Favere
842 592 1002 632 videtur
1026 593 1145 633 etiam
1168 593 1385 634 sententiae
1408 594 1562 635 nostrae
1590 595 1817 650 Calpurnius

303 653 389 694 Ecl.
420 664 433 691 1
448 664 482 699 1,
508 663 573 701 72.
1360 654 1364 656 ’

471 718 554 770 Qui
579 729 786 757 numerare
808 718 930 764 velit,
967 729 1076 770 quam
1098 716 1302 771 'multasuh
1318 719 1452 760 arbore
1466 717 1594 775 nostra

472 772 589 814 Poma
612 774 730 825 legam
746 801 758 822 ,
798 774 913 814 citius
938 782 1077 813 tenues
1102 776 1327 814 numerabit
1348 788 1497 828 arenas,

305 842 523 885 Manifesta
546 841 602 882 est
626 843 733 882 enim
757 843 926 881 imitatio
950 843 1168 882 verborum
1196 842 1368 883 Catulli:

753 909 824 950 Ille
852 911 1028 962 pulveris
1059 909 1155 950 aridi

753 964 947 1006 Subducat
975 979 1185 1006 numerum
1213 967 1352 1018 prius,

753 1022 837 1076 Qui
866 1021 985 1071 vestri
1013 1035 1219 1063 numerare
1249 1024 1338 1063 vult

869 1079 1006 1120 Multa
1034 1080 1152 1119 millia
1176 1078 1268 1119 ludi.

344 1151 422 1190 ‘At
444 1149 579 1201 enim,
615 1147 723 1189 forte
761 1147 869 1188 dicet
904 1149 1073 1198 aliquis,
1118 1149 1281 1187 nomina
1316 1148 1554 1200 appellativa
1588 1148 1631 1186 in
1663 1148 1825 1200 propria

311 1219 394 1246 non
423 1215 637 1245 mutantur.
699 1204 778 1244 Sed
806 1204 1123 1256 praestantissimi
1154 1204 1312 1244 codices
1343 1206 1490 1244 habent
1518 1204 1647 1250 eritei,
1685 1204 1723 1243 &
1751 1204 1826 1243 eri-

311 1264 363 1302 cei
379 1290 391 1308 ,
435 1262 543 1301 unde
580 1261 738 1301 erithrei
772 1260 887 1300 fluxit
903 1288 915 1307 ,
960 1260 1068 1311 quod
1092 1262 1132 1300 in
1156 1260 1225 1301 suo
1249 1262 1326 1312 legi
1349 1271 1488 1300 monet
1511 1260 1755 1299 Burmannus
1777 1259 1828 1299 ad

299 1317 518 1430 &otichlh
549 1329 578 1355 c.
638 1316 802 1357 Deinde
830 1317 1010 1357 librarios
1040 1317 1242 1357 interdum
1269 1312 1322 1358 fic
1351 1317 1477 1369 lapsos
1502 1316 1584 1357 esse
1608 1315 1829 1358 constatex

353 1386 474 1414 uveua
491 1386 508 1413 e
530 1385 601 1420 VI,
627 1384 721 1422 204.

557 1439 776 1493 Paupertas
804 1440 979 1482 Romana
1003 1442 1131 1494 perit:
1160 1441 1245 1481 hinc
1266 1439 1388 1494 fluxit
1416 1439 1468 1481 ad
1495 1440 1588 1481 istos

555 1496 614 1537 Et
639 1495 801 1551 Sybaris
824 1497 927 1538 colles
935 1511 950 1546 ,-
980 1497 1064 1537 hinc
1087 1495 1137 1542 55⁹
1161 1497 1332 1544 Rhodos,
1364 1495 1414 1542 &⁹
1437 1495 1613 1543 Miletos,

556 1551 687 1606 Atque
703 1561 937 1600 coronatum,
967 1550 1018 1599 &⁹
1028 1553 1224 1606 petulans,
1254 1551 1512 1606 madidumque
1533 1551 1752 1593 Tarentum.

315 1624 375 1663 uti
406 1618 514 1662 reete
537 1630 798 1661 correxerunt
820 1620 1078 1674 Hieronymus
1103 1618 1302 1673 Nogarola
1333 1620 1438 1672 apud
1468 1619 1620 1676 Janum
1652 1613 1830 1660 Parrha-

311 1677 406 1731 fium
431 1679 470 1717 in
497 1677 694 1730 Quaesitis
718 1689 790 1730 per
814 1677 968 1730 epistol.
995 1679 1060 1718 28.
1092 1675 1236 1717 Balbus
1253 1676 1302 1716 ad
1324 1675 1454 1716 Valer.
1473 1675 1597 1717 Flacc.
1623 1689 1714 1724 111,
1734 1687 1829 1727 555.

318 1735 356 1775 &
387 1732 585 1782 Pithoeus,
617 1746 707 1774 cum
738 1733 896 1774 codices
927 1734 1099 1774 offerant
1128 1730 1266 1788 Istros,
1295 1730 1474 1787 Histros,
1512 1734 1551 1774 &
1573 1731 1764 1789 Hystr053
1793 1732 1833 1774 &

319 1788 483 1832 Marone
511 1792 614 1831 Aen.
646 1803 695 1830 vl
711 1802 745 1838 1,
777 1792 871 1842 764.

567 1856 726 1898 Virbius
742 1870 755 1897 :
792 1857 966 1910 insignem
995 1869 1099 1909 quem
1126 1863 1249 1896 mater
1276 1854 1419 1895 Aricia
1447 1855 1574 1909 misit,

563 1912 732 1966 Egeriae
761 1912 927 1953 eductum
957 1913 1075 1959 lucis,
1120 1913 1330 1963 Hymettia
1359 1913 1496 1952 circum

564 1967 738 2017 Litora,
770 1970 923 2022 pinguis
951 1969 1014 2008 uhi
1042 1966 1091 2014 ἐξ
1118 1969 1314 2021 placabilis
1341 1981 1414 2009 ara
1441 1968 1608 2010 Dianae.

325 2038 392 2080 Sic
421 2039 527 2078 enim
557 2033 615 2076 N.
648 2035 827 2089 Heinsius
855 2037 894 2077 ἃ
922 2035 1164 2077 Burmannus
1193 2036 1354 2077 edidere
1371 2064 1385 2085 ,
1421 2049 1513 2077 cum
1543 2036 1671 2078 codex
1699 2035 1835 2077 Medi-

324 2106 418 2135 ceus
436 2122 448 2141 ,
486 2094 525 2133 &
552 2094 617 2133 alii
647 2102 766 2133 notae
795 2094 969 2134 melioris
999 2092 1106 2134 reete
1133 2094 1327 2135 haberent
1353 2094 1556 2134 humentia.
1613 2094 1747 2136 Labes
1769 2105 1837 2135 au·

323 2160 407 2192 tem
429 2150 543 2192 fluxit
566 2161 616 2190 ex
645 2162 706 2199 1x,
733 2152 827 2202 583.

893 2229 1052 2271 Genitor
1074 2242 1177 2284 quem
1201 2229 1354 2283 miserat
1377 2228 1525 2270 Arcens

568 2283 759 2327 Eduft‘um
787 2284 939 2327 Martis
967 2287 1044 2328 luco
1061 2315 1074 2333 ,
1113 2287 1339 2345 Symaethia
1367 2287 1506 2327 circum

567 2338 744 2384 Flumina
761 2370 773 2390 ,
810 2343 960 2396 pinguis
983 2345 1045 2385 ubi
1069 2341 1119 2390 &⁹
1136 2343 1335 2397 placabilis
1357 2357 1431 2385 ara
1454 2341 1591 2384 Palici.
1766 2405 1809 2447 V

1809 2422 1839 2448 1.
