2070 2740
287 195 346 234 44
467 175 1566 222 EMENDA‘rroNVM

455 305 597 359 Accipe
622 304 728 345 dona
752 316 826 346 meo
850 302 1007 345 multum
1031 302 1197 354 vigilata
1221 302 1357 345 labore.

292 412 332 440 v.
360 395 591 440 Fontanimts
612 412 650 451 p.
680 411 745 449 37.

352 457 489 507 Itaque
513 456 683 495 libenter
708 453 847 505 Eglino
864 479 877 499 ‚
915 451 1046 493 Ruaeo
1064 481 1077 500 ‚
1115 453 1152 493 δε
1176 451 1385 495 Fontanino
1402 482 1414 502 ‚
1467 457 1562 496 viris
1599 455 1811 498 eruditisfi·

297 514 370 554 mis
382 541 394 559 ‚
426 511 608 552 concedo
629 511 740 551 Cirin
757 510 981 562 supremum
998 507 1176 549 Maronis
1192 523 1292 562 opus
1316 523 1399 550 non
1416 511 1558 559 fuisse,
1590 513 1689 553 illud
1704 513 1813 565 quod

299 570 455 610 Rzmeus
477 568 655 621 adjungit
670 595 683 613 .,
721 578 797 606 nec
821 579 842 604 a
862 566 1010 616 juvene
1035 565 1261 606 confectam
1285 568 1447 608 minime
1471 570 1665 609 concedo.
1731 569 1815 611 Vix

299 627 406 666 enim
430 624 570 664 dubito
589 652 600 671 ‚
635 625 730 673 quin
748 650 760 668 ‚
795 622 936 660 Culice
957 621 1037 671 jam
1061 622 1205 674 scripto
1223 650 1235 669 ‚
1270 636 1427 664 carmen
1452 626 1570 673 illud,
1595 627 1730 679 primis
1747 638 1814 666 an-

299 684 360 722 nis
386 680 567 720 exorsum
584 707 597 725 ‚
637 680 678 718 in
703 678 870 730 Epicuri
896 677 1014 716 horto
1039 677 1263 717 detexuerit
1279 706 1292 725 ‚
1330 690 1540 731 antequam
1566 691 1817 735 conponeret

299 738 483 790 Eclogas.
551 736 605 775 Et
634 736 770 787 primis
802 732 964 784 quidem
989 734 1099 772 annis
1122 734 1309 785 scriptum
1327 729 1488 776 ‘constat
1513 750 1560 779 ex
1582 751 1622 778 V.
1648 751 1723 789 45:
1755 750 1821 779 re-

301 795 456 835 centius
490 802 621 832 autem
656 791 796 830 Culice
821 789 902 829 esse
928 789 1100 830 declarat
1124 790 1250 842 ipsum
1273 791 1416 843 poe'ma
1435 820 1447 839 ‚
1485 794 1594 843 quod
1617 797 1734 835 etiam
1757 796 1816 834 vi-

300 859 549 903 tuperatores
582 850 729 900 longe,
770 848 1021 897 multumque
1051 846 1246 899 praestare
1279 847 1534 888 confitentur.
1594 851 1703 890 Ante
1719 861 1819 891 vero

300 906 492 959 prodiisse
510 933 523 952 ‚
564 917 680 955 quam
712 912 1038 955 conponerentur
1068 903 1272 956 Eclogac‚
1319 902 1465 944 Phocas
1494 905 1642 946 indicat
1674 908 1715 946 in
1737 907 1822 947 vita

304 963 461 1003 tradens
486 962 648 1013 poetam
670 961 842 1012 primum
867 959 998 1000 lufisse
1024 959 1205 1000 Culicem
1222 987 1235 1006 ,
1282 959 1427 1000 deinde
1452 961 1648 1012 Syronem
1672 962 1821 1015 Epicu-

300 1032 413 1061 reum
445 1017 668 1063 audivisse,
707 1015 796 1068 post
827 1015 999 1069 Eclogas
1032 1016 1253 1069 scripsisset,
1294 1017 1403 1067 quod
1427 1017 1635 1059 confirmat
1660 1018 1820 1059 Servius

304 1076 353 1116 ad
377 1075 463 1115 Ecl.
490 1086 560 1121 vr,
594 1086 653 1124 13.
721 1072 815 1112 Vult
840 1071 985 1126 exsequi
999 1071 1141 1126 sec7am
1167 1072 1415 1125 Epicuream,
1453 1087 1562 1127 quam
1587 1074 1822 1123 didicerant,

305 1141 384 1173 tam
413 1129 601 1182 Virgilius
617 1157 630 1177 ‚
668 1141 778 1182 qaam
807 1128 936 1168 Varus
959 1128 1104 1170 docente
1128 1128 1273 1183 Syrone
1290 1143 1303 1170 .·
1340 1128 1389 1176 &⁶³
1405 1158 1418 1177 ,
1455 1130 1560 1184 quast
1571 1130 1646 1185 sub
1663 1130 1825 1186 persona

305 1187 452 1234 Sileni,
491 1186 672 1240 Syronem
695 1184 839 1226 inducit
863 1186 1075 1238 loquentem.

363 1244 426 1284 Ex
456 1243 662 1294 disputatis
688 1243 821 1292 itaque
847 1243 1042 1290 efficitur,
1082 1241 1168 1282 fere
1193 1252 1277 1283 tum
1302 1243 1553 1295 conpositum
1577 1242 1658 1285 esse
1678 1271 1691 1291 ‚
1731 1255 1825 1285 cum

311 1299 500 1352 Virgilius
522 1298 714 1351 Epicurei
738 1298 845 1338 horti
869 1307 1006 1350 captus
1032 1299 1272 1338 amoenitate
1296 1308 1482 1339 caneret:

481 1388 564 1432 Nos
587 1388 639 1430 ad
660 1389 784 1430 beatos
807 1387 894 1427 vela
918 1388 1100 1427 mittimus
1123 1395 1254 1440 porrus
1270 1416 1282 1435 ,

482 1446 625 1498 Dlagni
643 1452 809 1499 petentes
832 1443 939 1484 dofta
963 1443 1065 1485 dicia
1088 1442 1257 1497 Syronis.

486 1504 546 1544 Ite
570 1504 655 1542 hinc
682 1501 893 1540 Camenae:

315 1599 458 1650 quibus
489 1595 668 1635 vet-fibus
687 1619 700 1639 ‚
739 1603 791 1631 ne
822 1601 930 1630 nunc
962 1590 1054 1629 alias
1085 1590 1257 1630 rationes
1282 1590 1441 1630 afferam
1459 1618 1471 1637 ‚
1510 1589 1769 1631 labefactatur
1793 1591 1832 1632 &

318 1653 562 1695 convellitur
592 1650 732 1702 opinio
764 1647 891 1687 Ruaei
913 1647 965 1687 fic
991 1647 1325 1699 argumentantis:
1365 1647 1459 1686 Nec
1482 1646 1696 1699 Virgilium
1716 1647 1831 1698 juve.

318 1739 347 1760 ,‚
378 1723 467 1750 nem
503 1709 539 1748 &
571 1704 761 1746 Bucolica
779 1731 792 1750 ‚
835 1703 1035 1754 Georgica
1052 1730 1065 1749 ‚
1104 1701 1287 1741 Aenerda
1309 1702 1569 1742 meditantem
1596 1713 1750 1743 tantum
1774 1703 1832 1744 rei

318 1795 348 1816 „
377 1767 560 1819 poeticae
588 1763 665 1814 jam
697 1771 780 1799 tum
814 1767 973 1811 ceperat
1006 1759 1209 1806 taedium,
1249 1767 1295 1798 ut
1324 1760 1366 1799 in
1397 1760 1476 1799 hoc
1502 1769 1580 1800 tam
1605 1760 1685 1799 levi
1710 1766 1833 1812 opere⁴

319 1852 349 1870 ἦ,
380 1824 556 1864 definere
580 1831 663 1859 non
686 1816 911 1856 dubitaret:

500 1943 528 1963 ‚,
561 1915 606 1955 In
631 1925 698 1966 qao
717 1912 807 1966 jure
831 1923 928 1952 meas
950 1911 1093 1950 minam
1118 1911 1339 1963 requiescere
1363 1909 1498 1964 Musas
1513 1939 1526 1958 ‚

498 2000 527 2020 „
558 1970 615 2012 Et
639 1970 776 2009 leviter
799 1967 975 2010 blandum
998 1968 1108 2008 liceat
1133 1966 1308 2021 deponere
1331 1980 1503 2009 amorem.

325 2076 434 2118 Nam
458 2069 567 2123 quod
590 2071 731 2110 clamat
754 2067 794 2108 in
820 2066 902 2108 Ciri
925 2067 1054 2119 jacere
1082 2069 1205 2108 multa
1221 2095 1234 2115 ‚
1266 2069 1390 2108 multa
1413 2067 1577 2108 horrere
1595 2094 1606 2114 ,
1641 2075 1702 2108 tot
1723 2078 1835 2122 prae-

329 2134 442 2174 claris
467 2127 773 2179 intelligentium
800 2123 1032 2164 testimoniis
1051 2152 1063 2168 ‚
1094 2124 1240 2176 poetae
1263 2125 1420 2164 tributis
1439 2151 1451 2171 ‚
1483 2123 1692 2164 refutatur.

385 2188 510 2229 Dicet
548 2184 713 2233 aliquis:
753 2181 926 2220 Messala
960 2179 1154 2232 juvenum
1192 2179 1437 2221 doctissimus
1467 2192 1507 2219 v.
1543 2193 1608 2232 37.
1641 2188 1836 2222 vocatur:

334 2255 491 2287 carmen
518 2242 636 2293 igitur
661 2251 680 2277 a
709 2236 874 2289 Virgilio
893 2237 1042 2289 juvene
1064 2249 1147 2277 non
1171 2237 1227 2278 est
1250 2238 1512 2290 conpositum.
1570 2236 1724 2277 Damus
1754 2237 1839 2288 qui-

335 2305 425 2344 dem
459 2299 629 2338 libenter
660 2294 842 2346 Heinfio,
887 2294 940 2334 fic
971 2295 1011 2333 in
1042 2295 1147 2334 notis
1180 2293 1367 2341 ineditis,
1411 2305 1538 2346 nuper
1568 2305 1590 2332 a
1618 2292 1838 2334 Burmamm

334 2359 542 2401 nobiscum
575 2351 874 2394 communicatis
891 2377 903 2399 ‚
944 2351 1262 2404 argumentanti,
1301 2351 1519 2404 saepisfime
1544 2350 1716 2390 minores
1742 2359 1838 2390 natu

442 2425 445 2430 ·
1683 2418 1840 2457 ,vt-venes
