2070 2740
509 162 544 205 C
656 164 713 205 A·
806 162 839 206 P
948 163 993 205 V
1106 163 1170 207 Τ
1328 165 1418 207 ΧΠ.
1629 179 1712 221 217

201 288 385 333 tuerunt,
410 289 456 321 ut
472 282 632 335 infignia
649 282 687 321 in
709 280 835 322 modis
854 282 1086 333 syllabarum
1101 282 1197 322 vitia
1216 284 1460 324 tollerentur.
1521 285 1581 326 Ut
1598 286 1703 329 enim

201 349 308 379 nunc
325 339 398 378 alia
413 339 722 391 praetermittam
734 365 746 384 ,
776 338 987 390 permansit
1006 339 1044 375 in
1061 338 1174 388 hujus
1194 337 1355 392 Elegiae
1372 353 1412 379 v.
1433 352 1499 380 21.

421 438 557 493 quue,
587 437 684 494 quod
696 437 812 489 ignoti
818 433 1000 488 faciunt,
1032 436 1120 475 vale
1136 435 1269 476 dicere
1277 434 1429 489 saltem.

199 531 366 586 Scaliger
396 532 556 584 quidem
573 558 586 578 ‚
626 529 828 570 Marcilius
844 557 857 576 ,
902 528 1140 575 Scriverius,
1192 528 1358 575 Vossius,
1403 528 1590 570 Barthius
1606 558 1618 577 ,
1665 532 1705 572 δε

197 590 387 630 Daumius
410 591 448 627 in
472 600 517 627 ea
538 587 702 628 fuerunt
717 586 888 632 haeresi,
920 597 1019 635 quae
1035 585 1325 632 contendebat,
1357 586 1596 638 inperativos
1619 600 1705 627 ver-

198 647 361 692 borum,
390 641 584 697 responde,
615 642 723 690 vide,
754 643 862 689 vale,
879 642 1024 693 corripi
1043 640 1176 692 poss'e3
1206 642 1378 682 sedlocis
1396 643 1591 685 bonorum
1607 644 1704 696 poe·

198 712 323 743 tarum
349 699 534 752 suspeetis
560 708 628 740 aut
649 699 853 752 perspicue
877 698 1073 740 mendosis
1091 697 1400 750 decipiebantur.
1459 699 1569 741 Nam
1584 698 1704 741 Mar-

201 757 304 798 tialis
321 757 396 804 111,
415 769 472 805 1v,
491 769 528 808 7.
548 769 620 810 pro
633 784 646 804 ‚

421 859 465 900 Si
474 858 630 957 guando
646 860 792 908 veniet,
824 860 949 900 dicet:
982 857 1194 913 responde:
1219 861 1330 913 poo’ta

515 924 652 958 xaerat.

199 1023 221 1056 e
237 1012 329 1055 ΜΠ.
347 1010 642 1066 reponendum:

640 1104 785 1151 veniet,
820 1111 863 1143 tu
880 1102 1140 1156 respondeto:
1167 1105 1277 1157 po'e'ta
1294 1112 1393 1144 caet.

196 1210 235 1239 v.
269 1196 481 1243 Gruterus,
517 1194 752 1240 Gronovius,
785 1194 824 1234 δε
854 1193 1057 1248 Wthofius
1080 1195 1129 1235 ad
1153 1195 1284 1239 Caton.
1308 1195 1411 1237 Dist.
1430 1207 1490 1244 1v,
1511 1205 1548 1248 5.
1581 1195 1706 1239 ubi&

199 1255 239 1295 in
257 1252 417 1295 Manilii
435 1265 475 1299 v,
499 1253 593 1302 736.
613 1263 710 1303 pro,

424 1342 486 1383 Sic
503 1342 613 1382 etiam
630 1354 760 1394 magno
777 1343 958 1395 quaedam
974 1342 1212 1397 respondere
1226 1343 1361 1386 mundo

422 1399 532 1441 Haec
546 1405 689 1440 natura
697 1397 816 1452 facit.

197 1493 383 1547 corrigit,

773 1580 954 1634 quaedam
977 1582 1202 1633 respublica
1217 1581 1349 1624 mundo
1366 1583 1437 1639 est:

197 1689 315 1731 quam
332 1645 544 1729 palmarem
562 1673 850 1716 eorreffionem
866 1674 1060 1729 Bentlejus
1075 1675 1214 1716 itidem
1228 1675 1390 1720 fecerat.

255 1734 302 1775 In
323 1733 472 1775 Valerii
487 1732 615 1775 Flacci
630 1733 697 1773 lib.
716 1744 757 1779 v,
778 1740 872 1782 595.
903 1731 1115 1785 legendum
1133 1730 1233 1780 effe,

977 1827 1110 1869 viden'
1128 1830 1204 1870 alta
1221 1836 1436 1872 comantem-

423 1886 584 1929 Peaora
592 1899 609 1936 ,·
1315 1895 1317 1897 '

199 2005 304 2041 non,
335 1991 430 2034 vide
446 1993 522 2032 lata
539 1996 759 2037 comantem,
789 1981 908 2036 Pius,
942 1989 1101 2039 Carrio,
1133 1989 1295 2039 Balbus,
1325 1989 1525 2044 Heinsius,
1544 1990 1705 2035 &Bur-

200 2062 354 2091 mannus
372 2049 635 2089 consentiunt.
1227 2064 1234 2073 =

257 2107 302 2148 In
321 2104 494 2153 Phaedro
510 2114 670 2156 quoque
687 2102 755 2149 III,
776 2114 836 2149 v1,
856 2115 893 2154 3.
953 2101 1194 2144 Burmannus
1210 2102 1380 2148 fidenter
1395 2105 1539 2147 edidit:

454 2209 583 2258 Vide,
614 2208 761 2250 dolone
776 2219 827 2250 ne
844 2208 972 2251 collum
986 2221 1158 2264 pungam
1174 2209 1268 2260 tibi,-

206 2280 280 2321 pro
290 2294 304 2316 ,

946 2355 1015 2398 Ee
1638 2357 1713 2398 Vi.
