2070 2740
374 173 454 211 ·190
594 156 1691 202 EMENDArroNvM

371 293 404 313 ‚‚
435 264 656 305 absolverit.
679 290 708 311 ,,
750 263 815 304 Ad
837 262 1078 316 probandam
1095 263 1326 303 sententiam
1342 263 1553 304 videbatur
1566 264 1752 316 adjuvare
1767 275 1878 318 repe-

373 322 431 361 tio
456 321 693 367 verborum,
715 317 876 371 ferunt,
902 318 1086 372 ferendo,
1116 317 1222 368 ferm
1254 320 1313 366 δε,
1345 321 1453 373 pm,
1484 322 1662 374 proxime
1687 321 1788 360 cunis
1814 320 1879 360 ad-

368 376 572 429 junctum,
603 389 692 417 cum
699 375 870 430 sepulcro
889 375 1032 416 reeuus
1050 376 1338 429 adjungeretur.
1399 377 1528 417 Aliter
1544 386 1660 427 atque
1677 387 1752 430 ego
1774 374 1878 417 Wu-

370 432 489 487 hofius
500 434 703 485 judicabat
718 434 758 472 in
770 433 939 484 Ephem.
957 433 1172 485 Duisburg.
1191 443 1223 471 a.
1249 435 1366 483 1746.
1385 445 1423 472 n.
1436 437 1502 483 36.
1521 433 1574 474 sic
1591 434 1853 485 interpolans:

598 526 746 578 Perque
761 525 858 564 leves
874 534 1073 575 cunasque
1097 523 1179 563 suas
1195 526 1444 576 patriumque
1461 527 1594 566 cubile

597 584 742 636 Ungue
758 581 889 622 ferens
907 593 1015 622 auras
1032 577 1262 633 Hyperionis
1275 579 1363 621 aede
1378 583 1531 634 reponit.

373 676 592 720 Enimvero
610 677 705 717 tales
723 676 1073 727 interpolationes,
1103 686 1193 715 meo
1205 674 1381 726 judicio,
1407 685 1458 714 ne
1473 676 1702 718 verisimiles
1721 676 1880 727 quidem

370 737 482 783 sunt;
515 735 612 774 haec
629 743 760 773 autem
778 732 1038 773 vehementer
1055 731 1322 784 inprobanda,
1340 740 1549 783 propterea
1565 733 1673 783 quod
1691 734 1772 784 ejus
1790 732 1882 773 fun·

371 792 601 832 damentum
621 791 661 830 in
686 800 784 839 aqua
803 787 950 840 jaetum
967 788 1035 828 est.
1095 787 1203 828 Nam
1220 787 1328 838 quod
1345 787 1588 827 Phoenicem
1606 798 1721 842 negat
1737 789 1877 829 Helio-

372 849 485 901 polin
508 845 678 892 veniffe,
709 845 916 898 scriptores
941 845 1048 896 ajunt
1073 844 1396 885 innumerabiles.
1424 855 1461 900 v3
1479 841 1614 883 Bur-m.
1630 845 1680 884 ad
1696 843 1878 886 Luciam.

372 906 423 944 de
438 904 588 944 Phoen.
606 916 644 943 v.
669 913 713 941 12
726 914 757 940 ι.

599 995 728 1053 ⁴ngm
741 994 892 1048 pedihus
907 992 1050 1047 gestans
1069 992 1251 1036 contendit
1268 993 1362 1035 Solis
1380 993 1432 1034 ad
1451 995 1613 1044 urbem3

374 1090 433 1129 uti
465 1088 639 1129 feliciter
670 1087 867 1129 restituit,
898 1099 992 1139 pre,
1023 1094 1143 1128 ortum
1154 1100 1166 1135 ;
1207 1086 1266 1133 &,
1299 1087 1367 1137 qui
1389 1087 1520 1139 plures
1538 1086 1621 1138 jam
1645 1084 1759 1127 testes
1784 1087 1877 1127 cita-

374 1155 505 1192 verat,
537 1143 720 1185 Barthius
737 1144 784 1182 ad
807 1142 1002 1182 Clamlian.
1020 1143 1069 1182 de
1086 1143 1286 1182 Phoenice
1303 1154 1340 1182 v.
1359 1152 1428 1189 90.

432 1237 534 1279 lbid.
568 1250 607 1278 v.
638 1248 735 1287 422.

772 1328 826 1382 fic
842 1340 973 1381 magna
988 1324 1076 1380 fuit
1093 1326 1264 1382 censuque
1283 1328 1474 1381 virisque,

600 1385 749 1438 Perque
772 1385 887 1425 decem
904 1386 1022 1437 potuit
1041 1392 1186 1424 tantum
1204 1384 1293 1424 dare
1302 1384 1500 1438 sanguinis
1517 1397 1649 1433 annos,

599 1439 713 1482 Nunc
727 1443 875 1482 humilis
894 1448 1036 1481 veteres
1054 1439 1301 1481 tantummodo
1326 1441 1363 1480 T
1358 1441 1441 1496 roja
1457 1443 1588 1482 ruinas
1600 1469 1613 1489 ,

600 1497 658 1538 Et
675 1506 742 1550 pro
761 1497 908 1538 divitiis
924 1498 1079 1538 tumulos
1095 1496 1246 1551 ostendit
1263 1509 1433 1537 avorum.

600 1553 738 1606 [Clara
752 1553 830 1593 fuit
845 1555 1002 1604 Sparte:
1035 1565 1195 1605 magnae
1214 1554 1376 1605 viguere
1397 1554 1614 1604 Mycenae:

599 1609 691 1649 Nee
708 1621 787 1648 non
807 1609 1049 1660 Cecropiae3
1079 1620 1153 1648 nec
1176 1620 1257 1648 non
1275 1610 1513 1660 Amphionis
1531 1621 1649 1649 arces.

598 1665 692 1704 Vile
709 1665 832 1705 solum
851 1665 987 1716 Sparte
1002 1663 1079 1704 est:
1110 1666 1208 1704 altae
1224 1664 1403 1705 cecidere
1418 1665 1630 1715 Mycenae.

601 1720 920 1773 Oedipodioniae
938 1720 1034 1772 quid
1050 1721 1160 1768 sunt,
1190 1721 1262 1762 nisi
1279 1719 1432 1768 fabula,
1466 1721 1658 1761 Thebae?

599 1777 707 1831 Quid
724 1777 964 1818 Pandioniae
980 1776 1124 1818 restant
1142 1777 1214 1818 nisi
1232 1788 1378 1818 nomen
1404 1778 1585 1818 Athenae
1595 1776 1637 1830 ΣΡ]

377 1870 518 1910 Ultimi
537 1870 670 1911 versus
689 1872 947 1924 inopportuni
963 1870 1074 1917 sunt,
1093 1870 1129 1909 &
1148 1869 1331 1911 historiae
1346 1879 1586 1923 repugnant3
1617 1871 1657 1911 in
1675 1873 1875 1912 veteribus

375 1937 507 1966 autem
526 1928 633 1967 libris
650 1929 716 1966 vel
733 1928 819 1974 hic,
850 1928 915 1965 vel
938 1927 1005 1964 ille
1022 1926 1151 1972 deest,
1184 1936 1300 1976 atque
1317 1926 1416 1965 adeo
1433 1927 1513 1966 duo
1528 1928 1676 1980 priores
1701 1929 1738 1967 in
1761 1930 1873 1969 unius

378 1984 550 2035 margine
574 1993 788 2034 ponuntur.
858 1981 995 2034 Quid?
1027 1982 1134 2032 quod
1159 1991 1338 2034 tempus,
1371 1995 1451 2033 quo
1476 1982 1756 2024 verfificatores
1773 1986 1811 2024 in
1829 1985 1875 2025 si-

378 2040 537 2078 milibus
564 2038 859 2079 delcetabantur
878 2039 1004 2085 sonis,
1035 2039 1223 2078 indicant.
1283 2039 1424 2093 Quid?
1452 2039 1559 2090 quod
1578 2040 1624 2079 iis
1640 2041 1790 2081 omissis
1809 2053 1875 2093 ap-

380 2095 514 2135 tissime
535 2096 772 2135 cohaerent:

599 2188 723 2229 Nunc
740 2189 885 2229 humilis
903 2195 1045 2228 veteres
1061 2189 1309 2230 tantummodo
1328 2190 1448 2238 Troia
1464 2192 1616 2239 ruinas,

603 2244 659 2284 Et
680 2254 747 2297 pro
774 2245 921 2285 divitiis
945 2246 1100 2285 tinnulos
1121 2243 1275 2299 ostendit
1298 2258 1467 2286 avorum.

602 2300 726 2342 Nunc
747 2313 907 2353 quoque
930 2301 1169 2343 Dardaniam
1177 2299 1293 2356 fama
1310 2301 1361 2357 est
1380 2301 1591 2358 confingere
1609 2303 1790 2348 Romam.

1800 2371 1876 2412 Ita-
