2070 2740
677 174 710 216 C
820 176 862 217 A
971 176 1005 218 P
1082 168 1155 218 'V
1267 177 1304 221 T
1446 180 1533 222 111.
1731 177 1783 227 δι’

270 302 312 341 in
345 295 422 340 alio
452 301 615 353 negotio
648 299 908 348 detinuisset,
952 326 981 347 „
1019 301 1060 339 in
1089 299 1254 351 Virgilio
1276 300 1418 343 frustra
1442 317 1615 355 quaeras.
1674 307 1785 350 Mihi

269 357 549 411 corrigendum
573 356 733 397 videtur
750 371 758 396 :

434 446 564 499 Atque
589 447 732 484 utinam
755 443 875 482 celeri
899 456 981 483 non
1006 452 1160 483 tantum
1184 454 1290 497 grata
1311 445 1469 486 Dianae

432 502 612 541 Venatus
637 499 726 553 esses
749 500 861 551 virgo
875 498 1025 553 seclum
1049 500 1236 541 ferarum.

262 594 373 634 celeri
403 593 592 633 debemus
625 591 728 632 Aldo
745 620 757 639 ‚
796 592 834 631 ἃ
856 593 1021 644 margini
1047 590 1153 632 Pith.
1182 593 1243 632 ed.
1269 594 1310 633 in
1334 607 1414 645 quo
1439 597 1582 649 legitur
1606 599 1744 641 itidem
1760 627 1775 649 ,

260 664 329 692 non
354 658 513 691 tantum.
574 649 679 688 Illud
702 657 834 688 autem
859 648 1067 689 confirmat
1093 648 1259 690 Ovidius
1280 651 1451 694 Metam.
1478 666 1538 703 IV,
1565 667 1661 706 304.

425 740 582 793 Solaque
606 737 808 780 Na'iadmn
833 740 953 780 celeri
976 752 1047 780 non
1070 747 1159 782 uota
1180 740 1364 783 Dianae:

255 839 417 872 venatus
438 843 537 871 vero
553 828 737 882 ferarum
761 829 877 870 Silius
899 843 994 878 vm,
1023 843 1119 882 317.

419 921 546 962 Haud
567 922 627 962 illo
650 923 770 962 levior
794 922 897 961 hellis
924 920 1079 975 Vestina
1096 923 1282 976 juventus

419 977 591 1029 Agmina
616 977 790 1031 densa-vit
813 987 962 1018 venatu
986 976 1084 1018 dura
1107 978 1294 1020 ferarum.

249 1066 358 1108 Nam
381 1063 419 1118 f
443 1067 480 1106 &
510 1079 539 1106 v
568 1067 788 1118 saepisfime
813 1076 1110 1107 commutantur
1132 1068 1174 1107 in
1196 1067 1320 1107 MSS.
1347 1069 1566 1111 codicibus.
1592 1085 1631 1114 v.
1654 1072 1766 1117 Dra-

247 1123 351 1164 kanb.
377 1122 425 1162 ad
447 1121 545 1162 Liv.
571 1123 681 1170 XXI,
709 1137 755 1170 11,
780 1136 820 1173 4.
880 1124 1032 1164 Pariter
1056 1132 1188 1165 autem
1211 1125 1389 1174 librarii,
1418 1124 1565 1180 ferm,
1601 1131 1665 1180 in,
1703 1134 1764 1174 vi-

245 1192 308 1221 ros
323 1206 336 1228 ,
373 1189 577 1221 mutarunt
599 1181 642 1219 in
664 1178 806 1220 Manil.
832 1192 875 1227 v,
905 1182 995 1222 180.

414 1267 475 1310 Et
502 1267 714 1322 Calydonea
739 1268 934 1309 bellantem
957 1278 1050 1321 rupe
1066 1269 1230 1322 puellam
1246 1298 1259 1317 ‚

417 1324 704 1377 Vincentemque
726 1326 863 1374 viros;
902 1323 951 1370 ἐξ)
967 1353 980 1372 ,
1019 1338 1134 1376 quam
1153 1325 1315 1380 potuisse
1338 1325 1470 1368 videre

417 1380 580 1432 Virgine
602 1381 724 1435 majus
747 1389 831 1421 erat
847 1409 860 1428 ‚
888 1379 1117 1434 sternentem
1140 1383 1295 1423 vulnere
1311 1385 1436 1436 primo
1452 1397 1467 1423 .·

241 1477 351 1529 quod
374 1489 457 1518 non
480 1477 797 1517 animadvertens
823 1476 1020 1531 Bentlejus
1041 1478 1121 1518 huc
1144 1479 1241 1518 illuc·
1264 1478 1447 1520 affluat:
1508 1507 1537 1528 „
1567 1494 1677 1536 quam
1699 1484 1762 1527 fe.

239 1547 351 1582 ram,
405 1535 578 1574 belluam
599 1561 611 1581 ,
661 1534 757 1580 vel,
811 1534 839 1573 fi
863 1535 986 1573 mavis
1004 1562 1016 1582 ‚
1069 1546 1173 1586 quem
1204 1548 1370 1586 aprum,
1423 1538 1489 1575 vel
1520 1540 1618 1590 quod
1644 1554 1759 1583 mon-

237 1591 359 1632 strum
395 1605 511 1629 ———:
571 1618 600 1638 ‚,
638 1602 737 1640 quae
769 1592 885 1629 nauci
915 1603 998 1630 non
1028 1591 1129 1630 sunt.
1188 1591 1284 1632 Nec
1307 1595 1413 1632 enim
1436 1591 1561 1643 ferri,
1599 1610 1674 1639 nec
1698 1601 1757 1640 in-

238 1649 363 1699 telligi
401 1646 558 1700 potest:
613 1645 739 1699 puella
769 1647 891 1687 vincit
922 1648 1054 1694 viros,
1109 1645 1159 1694 ἐξ
1180 1646 1352 1702 sternit,
1405 1661 1552 1701 quam,
1603 1667 1755 1706 quem,
1782 1694 1787 1699 ,

236 1704 347 1756 quod

895 1759 1057 1815 potuisse
1085 1759 1218 1801 videre

409 1816 570 1868 Virgine
593 1818 716 1871 majus
741 1824 825 1858 erat
842 1831 855 1858 .·

233 1909 275 1950 id
299 1909 376 1957 est,
407 1908 555 1957 feram,
585 1911 652 1949 vel
677 1922 837 1961 aprum,
868 1911 935 1949 vel
959 1909 1192 1950 monstrum.
1252 1911 1310 1951 At
1332 1911 1460 1954 facilis
1487 1914 1524 1955 &
1546 1918 1756 1972 perspicua

232 1966 289 2008 est
312 1965 507 2008 correfflo
530 1967 761 2019 sagacisfimi
785 1964 1017 2007 Marklmzdi
1038 1966 1087 2006 ad
1112 1965 1214 2006 Stat.
1242 1968 1352 2019 Sylv.
1378 1970 1412 2017 Ι,
1443 1983 1478 2020 1,
1506 1975 1571 2024 65.

407 2065 692 2120 Vincentemque
715 2066 817 2108 feras
835 2095 848 2115 ‚
886 2064 958 2115 &2
996 2079 1113 2118 quam
1130 2065 1292 2119 potuisse
1315 2065 1446 2107 videre

406 2121 566 2174 Virgine
588 2125 711 2179 majus
734 2132 817 2164 erat
834 2152 847 2172 ,
874 2122 1103 2178 sternentem
1127 2123 1283 2162 vzllwere
1300 2124 1437 2175 primo.

227 2222 296 2261 vel
320 2222 418 2261 illud
434 2250 447 2269 ,
485 2234 594 2275 quam
612 2252 624 2271 ‚
662 2223 809 2264 docere
832 2231 991 2276 poterat
1006 2220 1125 2275 feras
1147 2219 1407 2273 praecesfiffe.
1470 2219 1620 2263 Contra
1636 2251 1649 2271 ‚
1679 2221 1745 2276 fe-

228 2278 267 2317 ri
283 2306 295 2324 ,
339 2291 412 2329 pro
430 2307 441 2325 ‚
487 2280 598 2326 viri,
642 2280 830 2321 mendose
861 2281 1005 2335 legitur
1036 2280 1078 2319 in
1101 2279 1336 2330 quibusdam
1359 2278 1470 2319 libris
1493 2278 1618 2320 MSS.
1645 2278 1744 2322 Pro-

223 2335 345 2386 pertii
366 2335 420 2383 ΙΙ,
446 2347 487 2383 v,
520 2337 581 2376 16.

1003 2403 1048 2446 H
1078 2416 1099 2455 3
1532 2402 1745 2444 Caeterum
