2070 2740
635 196 671 234 c.
780 191 818 236 A
928 195 960 235 Ρ
1070 196 1110 236 v
1219 198 1256 238 T
1401 200 1486 240 111.
1719 215 1770 259 43

426 321 505 362 Sed
526 323 696 375 quoniam
726 321 779 364 ad
800 330 929 362 tantas
952 334 1058 361 nunc
1080 323 1253 374 primum
1275 326 1464 364 nascimur
1486 313 1589 368 arrei*
1600 357 1616 376 ,

425 380 473 419 N
475 393 552 419 unc
575 381 747 431 primum
771 387 914 418 teneros
929 375 1131 431 firmamus
1153 379 1282 419 robore
1304 393 1439 422 φνεν-ως
1455 396 1468 422 .-

258 481 298 511 at
326 473 368 511 in
393 469 560 524 Eclogis
575 497 588 518 ‚
635 469 844 521 Georgicis
863 497 876 516 ‚
909 469 947 509 &
978 469 1162 511 Aeneide
1187 480 1294 512 tanta
1317 471 1590 526 philosophiae
1612 475 1773 519 scientia

257 530 391 568 elucet
406 555 419 575 ‚
464 536 509 566 ut
531 541 554 566 a
577 525 812 577 quibusdam
835 526 1006 566 summus
1032 526 1174 567 doctor
1197 529 1304 568 istius
1329 529 1559 582 disciplinae
1589 543 1769 575 vocetur.

257 584 360 625 Non
382 595 444 624 me
468 583 572 636 fugit
595 581 846 622 Fontauinmn
868 596 907 635 p.
935 585 1000 633 38.
1032 590 1162 623 tantas
1184 593 1288 624 artes
1309 586 1559 638 interpretari
1575 591 1769 632 metricas.-

254 641 320 685 sed
344 640 423 692 ipsa
444 639 561 684 series
585 641 775 687 orationis
799 639 949 679 indicat
971 651 1063 680 eum
1086 642 1258 693 graviter
1280 654 1421 683 errare.

308 697 518 737 Praeterea
562 709 679 747 quam
723 697 931 748 probabile
969 698 1192 749 principem
1229 699 1441 751 poetarum
1478 699 1640 755 Eclogis
1658 731 1671 751 ‚
1729 704 1767 745 δε

254 753 462 806 Georgicis
493 755 535 792 in
565 754 708 806 vulgus
741 751 855 792 editis
875 780 887 800 ,
933 753 971 792 &
994 754 1179 794 Aenei'de
1195 782 1207 802 ,
1245 768 1363 806 quam
1387 756 1436 797 de
1460 760 1640 800 manibus
1665 773 1774 800 nun..

251 823 367 861 quam
392 809 620 861 deponebat
635 838 647 857 ‚
686 808 906 861 inperse<5ba
922 837 935 857 ,
972 810 1063 850 leve
1089 822 1247 852 carmen
1269 812 1428 854 lusisse!
1465 826 1583 865 quam
1605 828 1703 858 vero
1719 818 1766 860 fi..

248 868 342 910 mile
365 869 406 907 in
428 865 606 906 ludendo
629 867 683 908 fic
705 865 842 906 Musas
867 867 1071 907 invocasse
1088 894 1100 915 ,
1139 866 1203 920 (v.
1228 868 1325 921 97.)

1042 966 1139 995 nunc
1161 967 1229 1007 age
1245 982 1258 1002 ,
1295 953 1429 996 Divae
1443 984 1459 1006 ,

415 1006 623 1063 Praecipue
645 1006 766 1064 rostro
788 1020 885 1050 mmo
907 1008 1100 1063 adspirate
1122 1011 1273 1059 labori,

411 1064 544 1120 Atque
565 1078 701 1107 vovum
725 1073 875 1108 aeterno
892 1069 1108 1120 praetexite
1131 1068 1264 1110 honore
1287 1067 1489 1109 volumen!

300 1157 491 1209 Denique
514 1158 584 1198 suo
601 1185 615 1205 ‚
652 1157 989 1209 quemadmodum
1013 1158 1159 1199 dicitur
1174 1186 1187 1206 ,
1232 1158 1365 1212 gladio
1390 1156 1580 1210 Scaligeri
1607 1159 1762 1201 senten-

245 1216 299 1255 tia
331 1215 476 1255 confici
506 1215 649 1267 potest.
717 1215 880 1255 Scilicet
910 1215 974 1254 M.
1008 1214 1193 1256 Valerius
1225 1215 1399 1255 Messala
1431 1216 1660 1264 Corvinus,
1713 1229 1763 1260 ex

242 1272 439 1326 sententia
462 1271 649 1323 &aligeri
664 1299 677 1318 ,
715 1283 764 1311 eo
789 1281 971 1324 tempore
988 1299 1000 1320 9
1039 1284 1119 1322 quo
1151 1271 1341 1322 Virgilius
1362 1272 1420 1310 illi
1447 1272 1557 1312 Cirin
1582 1273 1759 1322 dicavit,

242 1340 391 1368 annum
423 1329 787 1380 quinquagesimum
820 1330 971 1380 agebat.
1038 1328 1298 1380 Hieronymus
1335 1328 1471 1375 enim,
1516 1341 1634 1379 quem
1673 1330 1760 1370 fere

245 1383 498 1437 Ayrmczrmus
522 1386 561 1423 in
584 1385 668 1423 vita
696 1382 835 1423 Tibulli
857 1384 892 1435 §.
921 1395 985 1434 23.
1017 1384 1055 1423 &
1079 1384 1257 1437 Heym'us
1279 1384 1517 1434 sequuntur,
1547 1386 1587 1424 in
1607 1385 1757 1426 Chron.

244 1453 285 1493 p.
326 1452 413 1490 151.
448 1441 485 1480 δε
522 1452 610 1490 157.
645 1439 706 1478 ed.
742 1438 841 1479 Scal.
875 1440 1087 1480 Messalam
1118 1449 1232 1480 notat
1262 1441 1303 1479 in
1326 1441 1449 1481 vitam
1473 1442 1628 1481 venisse
1652 1455 1757 1483 anno

245 1497 465 1536 Abrahami
490 1507 794 1543 MDCCCCLV1113
839 1495 970 1534 inedia
994 1505 1125 1536 autem
1150 1496 1188 1536 se
1211 1495 1432 1537 confecisse
1455 1498 1591 1537 aetatis
1617 1509 1757 1547 Lxxu,

245 1553 462 1592 Abrahami
494 1564 688 1592 MMXXIX.
748 1549 920 1603 Scaliger
940 1564 1038 1592 vcro
1055 1579 1067 1599 ,
1106 1551 1346 1605 (Animadv.
1371 1552 1420 1593 ad
1442 1551 1579 1607 Euseb.
1606 1554 1757 1596 Chron.

239 1621 278 1662 p.
318 1608 434 1660 180.)
475 1609 585 1660 cujus
618 1609 852 1660 opinionem
884 1606 934 1663 J.
960 1608 1161 1662 Blassbnus
1182 1611 1224 1649 in
1251 1609 1391 1651 Ovidii
1412 1611 1495 1650 vita
1518 1612 1567 1650 ad
1590 1624 1629 1650 A.
1654 1625 1693 1652 V.
1719 1625 1756 1653 c.

240 1677 450 1706 DCCLV11.
480 1665 653 1704 firmavit
676 1664 714 1702 δε
737 1665 924 1715 probavit
940 1692 952 1711 ‚
988 1666 1174 1718 gravibus
1199 1667 1439 1719 argumentis
1470 1668 1512 1706 in
1542 1668 1622 1708 hoc
1653 1681 1754 1709 erra-

238 1729 325 1761 tum
357 1720 530 1761 ostendit
546 1747 558 1767 ‚
609 1720 647 1759 ὃς
671 1728 785 1758 antea
807 1721 939 1762 virum
962 1733 1148 1773 magnum
1172 1721 1381 1762 decessisse
1398 1749 1411 1769 ,
1449 1732 1585 1763 natum
1609 1735 1753 1776 putans

238 1789 343 1817 anno
376 1777 592 1817 Abrahami
634 1788 936 1824 MDCCCCXL1x‚
988 1787 1190 1818 mortuum
1230 1789 1366 1818 MMxx.
1405 1791 1445 1818 v.
1477 1792 1512 1818 c.
1545 1793 1750 1822 Dchv11.

235 1832 308 1874 Est
330 1842 462 1873 autem
486 1832 769 1885 perabsurdum
792 1833 949 1873 summis
973 1833 1193 1875 honoribus
1218 1833 1476 1885 perfunfftum
1493 1863 1505 1881 ‚
1544 1836 1582 1875 δε
1604 1849 1752 1880 annum

236 1891 372 1931 aetatis
398 1890 763 1943 quinquagesimum
786 1899 969 1942 agentem
991 1902 1138 1930 vocare
1155 1890 1340 1945 juvenum
1363 1890 1604 1944 dobiissimmn
1627 1892 1675 1946 (3
1684 1894 1746 1947 5).

240 1946 370 1987 Varro
402 1946 562 1998 quidem
594 1946 712 1985 tradit
741 1946 847 1997 apud
880 1945 1069 2000 Censbrin.
1102 1946 1153 1986 de
1184 1946 1240 1986 D.
1266 1947 1324 1986 N.
1350 1960 1384 1991 c.
1416 1958 1476 1996 14.
1502 1948 1662 2003 juvenes
1685 1964 1748 1990 us-

235 2013 314 2054 quc
349 2003 397 2044 ad
427 2015 510 2044 XLV
548 2015 694 2042 annum
733 2002 859 2042 dictos
898 2004 1006 2043 esse:
1059 2003 1126 2044 sed
1164 2014 1283 2044 nemo
1322 2013 1503 2056 repertus
1543 2005 1628 2053 est,
1680 2009 1749 2058 qui

234 2061 599 2114 quinquagesimum
630 2072 777 2102 annum
808 2069 967 2112 agentes
999 2072 1049 2100 eo
1080 2062 1243 2101 nomine
1266 2070 1443 2101 vocaret.
1503 2061 1653 2113 Liquet
1676 2065 1746 2104 ita-

234 2128 313 2168 que
339 2116 449 2156 Cirin
474 2130 495 2157 a
522 2117 686 2168 Virgilio
710 2116 781 2157 sub
806 2116 927 2158 finem
950 2118 1056 2158 vitae
1080 2129 1163 2158 non
1187 2117 1269 2156 esse
1293 2117 1568 2169 conscriptam.

288 2173 366 2214 Sed
400 2173 495 2224 quid
525 2175 705 2226 pluribus
736 2173 834 2214 haec
866 2173 1054 2231 disput0‚
1100 2186 1192 2215 cum
1213 2172 1409 2227 ,Virgilius
1438 2174 1521 2228 ipse
1550 2175 1746 2223 seniorem

231 2227 270 2271 se
295 2230 406 2271 Cirin
430 2231 621 2283 scripsisse
644 2239 763 2284 neget
786 2242 825 2271 v.
850 2242 918 2281 44.

395 2322 505 2363 Haec
531 2331 652 2363 tamen
675 2324 820 2364 interea
843 2336 936 2378 quae
955 2322 1143 2378 possumus
1159 2350 1172 2370 ‚
1209 2322 1249 2362 in
1272 2321 1404 2376 quibus
1425 2323 1515 2364 aevi

396 2381 526 2421 Prima
549 2380 773 2422 rudimenta
789 2408 801 2429 a
840 2382 877 2421 δε
899 2383 1047 2436 primos
1073 2381 1274 2435 exegimus
1297 2392 1420 2421 annos
1437 2408 1451 2429 9

1014 2437 1047 2477 F
1078 2448 1101 2475 ε
1600 2432 1744 2491 Accipe
