2070 2740
321 213 397 245 102
513 191 1632 238 EMENDATIONVM

313 321 486 362 leetione
510 327 725 360 contentus
748 318 841 365 fim,
871 319 899 359 fi
923 319 1010 369 quis
1034 325 1167 358 tamen
1190 318 1374 359 maluerit
1389 313 1615 372 formosior,
1652 327 1698 359 ut
1720 326 1826 367 romu.

311 387 457 444 κόῖεςον,
487 389 572 442 non
601 376 842 441 refragabor.
869 375 1212 440 HEMSTERH.
1244 374 1452 429 Formofior
1468 377 1510 417 in
1525 377 1762 428 quibusdam
1783 379 1831 418 li-

314 438 394 478 bris
411 436 505 477 MS.
523 446 696 476 mvemrl
714 432 876 475 testatur
891 431 1027 486 Hems.
1047 432 1214 475 Advers.
1233 447 1273 488 p.
1302 444 1396 484 247.

369 540 426 582 vs.
464 552 524 590 13.

371 646 517 688 Litora
541 646 691 686 nativos
716 642 797 691 &a
864 644 1050 697 Ingentes
1075 646 1209 686 turbas
1233 644 1345 686 dedit
1360 644 1428 685 hic
1442 646 1683 693 versiculus,
1714 645 1834 697 idque

317 703 418 744 adeo
443 712 655 756 propterea
671 729 684 749 ‚
721 700 832 752 quod
853 702 1101 754 gravissimae
1125 703 1223 742 labis
1246 701 1513 755 suspicionem
1536 704 1701 744 mirifica
1723 713 1834 743 vete-

315 774 405 802 rum
429 762 622 801 librorum
645 760 813 800 varietas
839 758 1000 810 injiciat.
1067 756 1258 800 Profecto
1282 771 1367 799 non
1389 758 1468 806 est,
1498 771 1568 801 cur
1591 759 1834 802 fastidiamus

315 819 524 871 probatam
542 816 708 858 Barthio
725 814 962 864 lectionem,
1527 812 1532 815 χ

538 924 685 965 Litora
707 925 853 964 nativis
877 924 1080 964 collucent
1089 922 1197 977 pic‘ta
1220 921 1382 975 lapillis,

593 980 652 1022 Et
675 980 844 1022 volucres
866 980 971 1021 nulla
995 978 1138 1019 dulcius
1161 985 1246 1018 arte
1271 985 1421 1019 canunt.

319 1085 458 1126 Potuit
479 1086 587 1126 enirn
607 1085 695 1137 jure
718 1086 788 1126 suo
812 1083 946 1125 noster
968 1086 1021 1125 ab.
1040 1085 1222 1124 oratione
1246 1082 1429 1123 aliorsum
1453 1081 1654 1134 pendente
1671 1084 1838 1124 transire

319 1142 368 1183 acl
384 1143 622 1184 absolutam:
654 1142 763 1193 quod
786 1142 815 1182 s1
839 1142 926 1191 quis
942 1142 1155 1181 arbitretur
1172 1140 1410 1179 concinnius
1427 1138 1540 1186 fore,
1569 1148 1615 1178 ut
1630 1140 1728 1180 haec
1745 1152 1837 1180 cum

318 1199 650 1252 praecedentibus
669 1225 683 1246 ,
722 1197 881 1237 veniant
897 1223 910 1243 ‚
938 1195 1083 1249 surgat
1099 1224 1112 1244 ‚
1141 1195 1246 1250 sciat
1263 1222 1275 1243 ,
1314 1204 1536 1249 congruant
1552 1221 1565 1242 ,
1603 1196 1644 1235 in
1665 1196 1839 1249 proclivi

319 1258 396 1297 erit
411 1255 604 1311 refingere
617 1281 630 1302 ‚

543 1359 690 1402 Litora
717 1360 847 1401 nativi
871 1358 1104 1400 collustrent
1114 1359 1220 1412 pitia
1236 1358 1359 1412 lapilli
1377 1355 1458 1405 &a

321 1469 563 1526 collustrent,
602 1471 791 1522 inquam,
835 1469 963 1509 verbo
993 1479 1184 1520 perquam
1215 1478 1477 1521 opportuno,
1522 1468 1633 1520 qu'us
1664 1466 1781 1508 sedes‘
1798 1467 1840 1507 in

320 1527 485 1581 picturis
503 1528 559 1568 est
575 1529 755 1580 propria:
790 1525 865 1565 Cic.
887 1525 997 1564 Orat.
1016 1524 1040 1574 §
1067 1527 1132 1574 36.
1174 1524 1220 1563 In
1232 1525 1394 1577 pariaris
1411 1525 1502 1564 alios
1518 1523 1698 1570 horrida,
1723 1523 1839 1563 incul-

323 1592 388 1631 ta,
418 1583 552 1624 abdita
584 1582 633 1629 δέ)
652 1591 787 1635 opaca,
815 1588 945 1622 contra
964 1580 1056 1619 alios
1071 1578 1216 1627 nitida,
1240 1581 1363 1628 laeta,
1389 1581 1617 1621 collustrata
1636 1579 1834 1620 delemur.

323 1641 421 1682 Hoc
446 1641 598 1681 tametfi
621 1652 696 1692 pro
721 1648 833 1679 certo
857 1637 1066 1677 venditare
1089 1639 1236 1684 nolim,
1273 1638 1434 1678 videtur
1458 1639 1565 1678 enim
1588 1651 1609 1677 a
1626 1639 1747 1690 longo
1761 1637 1841 1687 jam

324 1707 507 1750 tempore
524 1698 631 1737 labes
648 1695 891 1748 profundior
908 1692 1139 1741 inolevisse,
1170 1692 1372 1747 Propertio
1391 1703 1521 1735 tamen
1541 1694 1747 1747 indignum
1763 1691 1841 1733 esse

322 1766 405 1795 non
429 1755 610 1794 arbitror.
651 1750 995 1793 HEMSTERH.
1026 1750 1115 1803 Ego
1140 1750 1392 1803 conJ'ecsturae
1415 1763 1499 1791 non
1515 1751 1713 1804 probabili
1729 1760 1841 1803 prae-

324 1810 413 1852 fero
442 1811 740 1864 perelegantem
764 1807 1001 1854 lectionem,

542 1912 690 1954 Litora
719 1913 865 1952 nativis
886 1901 1095 1951 'collucent
1112 1909 1218 1963 pieta
1242 1911 1406 1962 lapillis3

329 2029 445 2068 quam
472 2017 572 2056 liber
602 2013 646 2054 V
641 2010 700 2070 off.
726 2015 768 2054 in
790 2015 964 2067 margine
980 2041 992 2060 ‚
1032 2014 1071 2052 in
1096 2022 1289 2053 contextu
1312 2023 1443 2053 autem
1467 2011 1579 2053 Leid.
1605 2011 1643 2052 ὃς
1666 2014 1841 2066 optimus

334 2074 603 2125 Groningamts
628 2071 837 2111 exhibent:
868 2083 958 2110 nam
983 2069 1155 2110 collucere
1177 2071 1383 2122 proprium
1401 2070 1438 2109 &
1453 2071 1658 2122 poeticum
1673 2072 1842 2112 verbum

329 2131 408 2178 est,
438 2143 521 2170 non
544 2131 640 2169 item
664 2125 893 2181 collustrare.
963 2126 1278 2178 Conjunclivum
1301 2139 1398 2167 vero
1415 2127 1578 2167 modum
1595 2129 1758 2169 minime
1771 2138 1842 2169 ne-

330 2186 532 2228 cessarium
549 2184 625 2227 ess'e
641 2184 914 2238 perappositus
933 2183 1106 2224 ostendit
1127 2183 1264 2225 Ovidii
1279 2185 1390 2224 locus
1409 2183 1440 2225 F
1443 2184 1509 2226 ast.
1531 2198 1560 2232 1,
1579 2197 1602 2236 7
1609 2196 1646 2235 5.

550 2297 689 2338 Cernis
715 2296 880 2339 odoratis
896 2307 941 2338 ut
958 2298 1089 2337 luceat
1105 2298 1252 2349 ignibus
1267 2297 1418 2338 aether:

607 2353 666 2395 Et
688 2353 803 2395 sonet
821 2353 1092 2408 accenfisspica
1111 2351 1238 2408 Ciliffa
1248 2352 1361 2407 focis.
1675 2406 1724 2450 Η

1722 2420 1846 2452 amma
