2070 2740
278 199 1569 252 16EMENDAT10N1VM

278 330 398 370 Ciuua
422 331 464 370 in
485 328 664 381 Zmyrna
688 326 794 380 apud
816 325 995 366 Servium
1017 324 1068 365 ad
1097 322 1238 377 Wrgil.
1266 324 1416 378 Georg.
1450 338 1486 374 1,
1513 327 1606 368 288.

507 420 556 462 Te
579 420 787 460 matutinus
804 416 958 472 flentem
983 415 1167 470 conspexit
1191 417 1301 456 Εὔας
1319 446 1332 465 ‚

501 478 558 518 Et
574 476 728 531 flentem
746 475 858 529 paulo
882 473 984 515 vidit
1002 472 1083 528 post
1106 474 1312 526 Hesperus
1337 473 1468 532 idem.-

281 573 471 613 Similiter
494 568 683 609 Blauilius
711 582 746 616 1,
777 582 866 620 177.
896 568 1093 610 Columella
1115 581 1156 615 x,
1176 553 1270 616 290.
1289 566 1425 609 Seneca
1442 568 1569 622 Hipp.
1594 558 1796 621 177.⁴Bo'e'-

281 630 383 670 thius
406 628 436 667 Ι.
461 627 524 667 M.
549 639 588 666 v.
620 628 659 666 δε
681 623 831 666 Statius
855 625 984 665 Theb.
1010 638 1080 673 VI,
1107 627 1200 675 238.

508 713 674 767 Roscida
692 715 776 767 jam
798 713 928 752 novies
949 712 1041 751 coelo
1065 711 1263 764 demiserat
1287 711 1394 766 astra

511 769 683 811 Lucifer
699 797 711 816 ‚
751 766 800 815 69
824 767 974 809 totidem
997 766 1134 808 Lunae
1150 775 1408 820 praevenerat
1430 771 1533 821 ignes

512 827 678 867 Mutato
702 824 939 866 Noc'mrnus
964 837 1063 878 equo.

287 941 328 968 v.
353 923 573 967 Ludovfcus
599 923 722 965 Cerda
744 923 794 963 ad
821 922 962 975 Virgil.
988 923 1075 963 Ecl.
1100 935 1150 963 v1
1165 936 1178 962 1
1193 936 1227 970 1,
1254 934 1319 974 30.
1343 922 1491 977 Vossius
1506 915 1651 964 Theol.
1672 922 1722 964 G.
1749 923 1804 972 ΙΙ,

290 997 407 1025 xxxr.
433 984 470 1022 &
498 981 658 1034 Vulpius
681 980 729 1020 ad
751 981 789 1020 h.
815 982 840 1019 l.
866 981 932 1030 qui
957 982 1144 1032 pleraque
1168 982 1256 1020 loca
1285 981 1440 1032 pridem
1470 982 1717 1028 attulerunt,
1761 989 1809 1020 ut

292 1039 550 1080 ostenderent
580 1038 809 1089 Hesperum
841 1036 1014 1076 eundem
1046 1036 1128 1076 csse
1152 1049 1196 1076 ac
1220 1036 1470 1076 Luciferum.
1532 1037 1664 1090 Quam
1687 1036 1807 1076 facile

292 1097 398 1138 E'o'us
421 1097 462 1135 111
485 1094 562 1136 Eos
585 1095 692 1134 abire
715 1094 893 1146 potuerit
908 1121 920 1140 ‚
966 1103 1084 1144 atque
1108 1094 1161 1132 ita
1177 1120 1190 1139 ,
1228 1105 1318 1132 curn
1348 1093 1495 1144 syllaba
1525 1093 1704 1142 deesset,
1741 1092 1807 1132 ad-

292 1154 361 1205 jici
386 1151 465 1192 dem
481 1180 494 1200 ‚
531 1162 695 1192 monere
718 1162 802 1190 non
823 1149 983 1189 neccsse
1007 1149 1074 1189 est.
1143 1149 1261 1188 Hanc
1285 1159 1416 1189 autem
1441 1148 1710 1200 conjefflmram
1741 1148 1808 1188 ad-

294 1209 407 1255 didi,
426 1257 431 1261 .
452 1207 560 1261 quod
599 1219 685 1247 cam
716 1203 934 1247 Bmmauuo
951 1234 964 1253 ‚
1008 1206 1262 1247 Poffiticarum
1291 1207 1573 1260 elegantiarum
1602 1206 1645 1246 in
1672 1206 1809 1258 paucis

296 1266 427 1318 perito
445 1293 457 1312 ,
494 1263 611 1306 valde
633 1266 790 1316 placere
812 1262 1004 1303 viderem.

322 1378 1791 1426 (mmmfflffiffiffifflmm)

708 1492 1358 1535 ·CAPVT‘11.

305 1585 469 1634 Virgilius
485 1609 497 1629 ‚
539 1584 646 1620 auftor
676 1582 824 1627 Culicis,
865 1585 987 1630 aliquot
1017 1585 1093 1619 locis
1120 1581 1304 1629 restitutus.
1360 1581 1467 1618 Othus
1491 1580 1534 1622 δ’
1558 1580 1732 1629 Ephialtes
1754 1593 1820 1620 non

351 1637 457 1672 conati
475 1633 559 1681 suut
587 1633 740 1668 mundum
761 1632 934 1668 incendere.
985 1630 1178 1678 Rescindere
1201 1634 1330 1668 coelum.
1383 1630 1532 1677 Capellae
1545 1629 1660 1677 subter
1683 1632 1821 1676 dumos,

350 1696 415 1720 uon
440 1690 548 1718 autem
568 1679 670 1728 super
699 1683 741 1716 iis
769 1682 897 1716 cubant.
955 1679 1074 1716 subter
1084 1680 1216 1727 saepius
1235 1680 1382 1726 insuper
1405 1681 1498 1714 abiit.
1557 1678 1668 1714 Tellus
1689 1682 1790 1716 multo
1806 1703 1821 1724 ,

351 1745 415 1769 uon
442 1738 551 1766 autem
581 1741 696 1775 magno
715 1728 880 1776 sauguine
908 1740 1040 1764 manare
1071 1730 1205 1764 dicitur.
1264 1727 1414 1774 Magnus
1434 1726 1587 1774 sanguis.
1639 1726 1822 1775 Magnus,

355 1780 398 1821 {5⁹
416 1782 537 1816 multus
550 1785 790 1825 permutantur.
845 1775 904 1812 Vis
929 1776 1055 1823 Argea.
1107 1775 1216 1812 Pinus
1235 1776 1367 1824 Argoae
1382 1778 1464 1811 navi
1478 1776 1570 1811 decus
1584 1776 1707 1812 addita.
1764 1775 1824 1812 Te-

355 1831 462 1865 lamon
492 1828 602 1862 habuit
631 1829 667 1861 in
694 1828 897 1861 matrimonio
920 1824 1106 1861 Periboeam
1136 1824 1316 1867 Alcathoi,
1352 1823 1512 1870 Megarae
1534 1822 1660 1870 Regis,
1686 1821 1824 1868 filiam.

355 1889 418 1924 qua
448 1883 544 1911 uacus
575 1873 618 1918 est
646 1873 768 1919 Ajax5
818 1872 936 1907 Teucer
967 1880 1075 1909 autem
1103 1875 1217 1907 nothus
1251 1871 1387 1917 Heflone
1410 1873 1543 1918 captiva
1558 1879 1744 1918 procreatus
1768 1870 1826 1916 est.

356 1924 518 1960 Zanclaea
550 1921 737 1968 Charybdis.
802 1919 952 1955 Issam-fs
979 1923 1041 1956 ira.
1093 1919 1241 1967 Propter.
1294 1919 1426 1956 Ilffetare
1456 1921 1532 1955 loca.
1585 1918 1826 1966 Laestrygones

356 1975 423 2008 atri
452 1977 610 2017 nequeunt
643 1971 765 2005 vocari.
826 1968 1004 2015 Scriptores
1028 1969 1099 2016 jam
1127 1971 1321 2016 geminant,
1371 1979 1434 2005 non
1468 1975 1576 2004 autem
1605 1967 1826 2016 frequentant

356 2022 454 2068 jam,
489 2021 588 2066 jam,
623 2018 763 2065 jamque.

319 2144 562 2251 Culicem
594 2141 771 2183 Maronis
801 2145 951 2195 antiqui
984 2143 1192 2195 scriptores
1223 2154 1306 2183 non
1335 2143 1452 2195 pauci
1475 2151 1724 2183 memorant:
1759 2139 1828 2182 sed

326 2250 329 2252 ¹
446 2202 494 2242 de
518 2201 598 2251 ejus
616 2228 628 2245 .,
667 2201 733 2250 qui
759 2213 866 2240 1111110
892 2201 1014 2241 exstat
1030 2227 1042 2246 ‚
1080 2199 1241 2240 auc'tore
1265 2199 1480 2240 dubitatur.
1545 2198 1703 2240 Carolus
1718 2198 1827 2238 enim

317 2259 470 2298 Ruaeus
501 2260 538 2296 111
566 2257 668 2296 llist.
700 2255 811 2308 Virg.
838 2257 886 2296 ad
910 2259 959 2297 Λ.
987 2256 1037 2294 V.
1066 2257 1110 2295 C.
1139 2259 1231 2304 696.
1258 2256 1294 2295 δε
1327 2255 1548 2296 Franciscus
1582 2253 1755 2294 Oudiuus
1785 2255 1828 2295 in

317 2314 560 2355 Adversariis
581 2314 759 2360 Crsticis,
785 2314 821 2352 &
840 2314 1021 2366 singulari
1038 2313 1343 2365 Disceptationc
1361 2313 1409 2352 de
1432 2312 1646 2364 Virgiliauo
1665 2311 1828 2357 Culice‚

317 2384 434 2424 quam
462 2369 666 2411 Dorvilius
695 2370 738 2410 in
769 2370 864 2410 Obs.
889 2370 1011 2411 Misc.
1036 2370 1149 2411 Nov.
1175 2371 1224 2412 T.
1255 2383 1316 2411 lv.
1339 2383 1379 2425 p.
1405 2382 1499 2424 307.
1530 2369 1683 2415 cdidjt,
1729 2365 1829 2405 indi-

1708 2435 1831 2478 gnum
