2070 2740
295 170 374 214 128
494 160 1615 209 EMEN·DAT10NVM

638 285 755 332 hanc,
786 282 1026 326 Philodemus
1041 283 1119 332 ait,
1144 282 1241 338 sihi,
1271 297 1365 340 quae
1378 297 1491 339 neque
1506 296 1640 337 magno

513 339 599 384 Stet
611 343 757 396 pretio,
787 353 900 396 neque
917 342 1132 390 cunfletur,
1163 354 1244 382 cum
1261 341 1313 397 est
1321 339 1424 398 juffa
1440 343 1584 383 venire.

294 447 427 504 Poscet
449 457 581 489 autem
603 447 770 500 grandia
794 448 940 489 firmari
962 444 1091 499 posset
1107 448 1297 499 exemplis
1313 447 1546 499 poetarum,
1578 454 1696 498 atque
1711 445 1810 488 adeo

293 506 500 549 Martialis
525 508 562 546 δε
587 505 806 558 Propertii,
844 505 912 555 qui
936 503 1072 544 dixere
1088 531 1102 550 ,
1139 516 1276 556 magna
1299 503 1413 553 dare,
1451 517 1610 557 rogare,
1644 503 1813 556 grandia

289 564 489 619 polliceri:
534 563 601 603 sed
633 563 792 603 Criticis
815 574 889 615 pro
920 561 1106 601 omnibus
1138 561 1329 614 exemplis
1355 563 1432 602 erit
1454 575 1580 604 unum
1609 559 1816 603 Martialis

295 622 351 670 V,
368 633 439 667 vl,
463 632 524 659 10.
1107 635 1112 640 ·

643 723 852 779 Nunquam
868 711 1050 779 grandia,
1081 735 1156 765 nec
1172 722 1319 778 molesta
1333 724 1473 777 poscit.

297 827 381 872 Hic
396 829 503 870 enim
518 827 690 881 plurima
704 826 755 867 de
772 824 971 880 Propertii
987 827 1228 868 carminibus
1244 825 1400 874 sumfit,
1418 833 1465 866 ut
1480 806 1554 875 XI,
1568 836 1766 876 xxxxvm,
1778 839 1814 879 3.

524 925 604 966 Cur
619 938 696 967 nec
712 924 904 978 Pompeja
918 925 1041 965 lentus
1056 924 1246 977 spatiatur
1262 926 1304 965 in
1319 924 1487 966 umbra?

299 1026 351 1069 de
368 1027 446 1076 1V,
470 1039 532 1076 εκ,
556 1037 624 1084 75.
859 1005 865 1010 ⁶

502 1184 509 1190 ,
532 1133 590 1176 Tu
605 1144 737 1185 neque
753 1131 945 1184 Pompeja
959 1130 1179 1184 spatiabere
1195 1130 1317 1170 cultus
1331 1131 1374 1172 in
1387 1130 1548 1177 umbra;

301 1225 339 1269 δι
356 1238 454 1274 xw,
474 1237 512 1264 2.
1279 1273 1282 1276 Δ
1308 1203 1313 1207 ’

584 1313 755 1371 Eſjemus
769 1314 919 1367 Libyci
934 1313 1072 1356 nobile
1089 1311 1218 1353 dentis
1236 1322 1346 1359 onus,

299 1410 351 1453 de
368 1408 423 1457 ΙΙ,
440 1421 594 1457 xx111,
618 1420 680 1448 12,

578 1509 639 1553 Et
655 1509 800 1553 valvae
822 1510 973 1561 Libyci
988 1508 1127 1566 nobile
1144 1505 1275 1545 dentis
1292 1511 1378 1556 opus
1387 1516 1402 1552 ,-

301 1599 393 1640 Alia
415 1598 546 1651 paffim
563 1595 813 1650 Broekhufius
827 1594 1047 1637 annotavit.
1116 1592 1172 1633 Et
1188 1602 1320 1632 tamen
1337 1590 1393 1638 11,
1410 1601 1489 1631 xvx
1502 1600 1517 1630 1
1531 1600 1568 1637 1,
1586 1595 1652 1641 59.
1669 1598 1767 1642 pro,

526 1676 583 1719 Et
601 1677 702 1720 modo
715 1678 879 1732 pavonis
895 1676 1042 1716 caudae
1050 1672 1211 1729 flabella
1225 1674 1440 1728 superbae,

300 1766 432 1814 dedit,
456 1766 615 1821 superbi
626 1780 639 1816 ,·
671 1766 780 1818 quod
797 1767 870 1807 hac
887 1774 984 1806 nota
1002 1764 1204 1814 damnavit
1219 1761 1545 1818 Hemsterhufius:
1590 1790 1620 1810 „
1637 1774 1730 1810 cur,
1754 1770 1826 1816 pa·

301 1825 411 1864 vonis
435 1825 584 1864 caudae
612 1824 770 1864 flabella
783 1822 963 1876 superbi,
993 1835 1066 1875 pro
1081 1820 1289 1876 superbae,
1319 1819 1549 1872 praesertim
1572 1832 1663 1859 cum
1680 1818 1730 1858 ad
1744 1831 1825 1859 ma-

301 1880 670 1989 ἓὲἓὺὲίῆῑῇξοὲῑεθ
692 1880 866 1935 Hispani
883 1881 1020 1928 locus,
1052 1878 1171 1931 [x1v,
1190 1876 1280 1931 67.]
1312 1875 1439 1916 Alitis
1453 1875 1609 1918 eximiae
1624 1874 1750 1916 cauda
1763 1875 1826 1917 su-

532 1969 540 1976 ·
561 1964 591 1985 7)

1631 2406 1820 2456 CAPVT
