2070 2740
297 185 378 231 πῃ
502 168 1617 218 E-MENDATIONVM

571 286 781 342 Agricolae
804 284 944 329 domim·
965 285 1120 341 carpere
1142 285 1307 328 delicias.

515 345 710 406 Quamvis
730 345 793 385 ille
807 344 919 399 suam
942 341 1055 401 laffus
1077 344 1284 399 requiescat
1307 357 1494 396 avenam,

575 401 788 444 Laudatur
805 400 946 456 faciles
968 403 1070 443 inter
1094 401 1414 458 Hamadryadas.

521 459 580 502 Tu
604 461 707 502 canis
730 458 895 514 Ascraei
919 459 1063 500 veteris
1079 469 1284 515 praecepta
1309 464 1453 516 po'e'tae.

294 550 453 600 Verba,

514 640 646 689 Felix,
677 642 742 694 qui
764 639 860 682 viles
877 641 997 694 pomis
1018 643 1204 683 mercaris
1229 655 1392 691 amores,

295 756 377 785 non
394 744 610 784 cohaerent
625 754 718 782 cum
733 740 1091 795 praecedentibus,
1123 748 1166 781 tu
1183 742 1306 789 canis,
1336 749 1380 782 ut
1396 740 1514 789 decem
1530 742 1634 784 mala
1652 755 1817 788 corrum=

291 809 381 855 pere
398 800 562 855 puellam
573 797 728 855 poffint:
758 807 798 839 at
822 798 1117 846 cohaerebunt,
1147 799 1177 840 ss
1200 797 1445 853 refingantur
1459 799 1540 842 hoc
1556 801 1700 843 modo:

520 889 652 938 felix,
683 890 748 944 qui
769 888 866 931 viles
883 889 1004 945 pomis
1025 899 1225 933 mercatur
1249 903 1418 943 amores;

298 992 367 1032 ut,

524 1068 633 1112 Felix
651 1097 664 1117 ‚
695 1068 878 1109 immam
898 1066 1072 1122 Corydon
1094 1070 1160 1122 qui
1175 1077 1302 1109 tentat
1318 1071 1468 1112 Alexin

573 1126 782 1179 Agricolae
805 1124 944 1167 domini
967 1137 1130 1180 carpese
1155 1126 1330 1168 delicias.

355 1235 409 1277 ib.
429 1237 496 1287 78.

526 1339 584 1382 Tu
607 1342 710 1381 canis
732 1338 898 1394 Astraei
923 1340 1064 1380 veteris
1083 1347 1287 1394 praecepta
1304 1342 1460 1394 po‘e‘tae,

573 1397 661 1457 ρμο
675 1396 781 1452 seges
803 1399 842 1438 in
868 1406 1015 1451 campo,
1045 1410 1114 1451 quo
1136 1399 1242 1440 viret
1267 1410 1346 1439 uva
1355 1399 1466 1454 jugo.

298 1504 395 1550 Hoc
410 1505 552 1547 imitati
568 1504 659 1545 sunt
674 1502 875 1545 Lotichius
888 1502 1003 1557 Eleg.
1022 1501 1056 1551 1,
1076 1515 1106 1549 1,
1126 1513 1163 1552 7.

523 1609 606 1653 Nec
615 1609 774 1664 frugem
780 1609 925 1665 segetes
940 1618 1089 1651 maturo
1106 1617 1267 1664 tempore
1278 1610 1482 1664 praebent,

577 1668 691 1709 Culta
707 1667 946 1722 racemiferis
966 1681 1028 1709 nec
1046 1669 1152 1709 viret
1167 1679 1248 1708 uva
1258 1667 1374 1722 jugis.

300 1777 340 1819 &
361 1775 628 1819 Sannazarius
650 1775 788 1830 Epigr.
808 1776 842 1823 1,
860 1788 927 1823 111,
950 1788 1011 1815 10.

812 1871 980 1927 infernis
1000 1885 1072 1915 non
1095 1874 1200 1914 viret
1221 1885 1301 1914 uva
1321 1874 1441 1927 jugis.

302 1976 407 2018 Illud
431 1986 560 2016 tamen
576 1976 682 2016 viret
705 1982 858 2015 attento
882 1972 1022 2015 Ιεὲὶοτί
1046 1975 1252 2027 negotium
1268 1973 1427 2014 facessit.
1494 1972 1716 2027 Saepiffime
1731 1978 1817 2027 qui.

303 2034 393 2074 dem
412 2035 604 2087 reperias,
634 2030 780 2072 virides
795 2030 940 2072 Baccho
958 2030 1082 2078 colles,
1113 2030 1260 2071 virides
1282 2030 1320 2071 &
1334 2032 1503 2071 virentes
1517 2032 1636 2081 vites,
1653 2032 1818 2074 viridem

305 2090 500 2144 Lyaeum,
531 2088 658 2130 viride
682 2102 843 2136 merum,
873 2086 1019 2131 virides
1041 2100 1138 2129 uvas
1146 2102 1161 2138 ,·
1198 2087 1265 2130 sed
1287 2098 1387 2129 uvae
1409 2086 1554 2130 virides
1577 2089 1666 2133 sunt
1681 2091 1819 2134 imma-

306 2156 428 2190 turae.
457 2148 549 2189 Cato
567 2148 656 2187 Dir.
676 2159 713 2186 v.
741 2150 836 2195 ¹14?

525 2251 613 2294 Aut
635 2252 747 2306 roseis
770 2251 902 2304 digitis
922 2249 1092 2293 viridem
1119 2247 1342 2304 decerpserit
1359 2261 1498 2291 uvam:

524 2308 642 2352 Dulci
663 2322 818 2365 namque
840 2316 959 2352 tumet
981 2306 1143 2353 nondum
1166 2307 1328 2350 viticula
1346 2305 1505 2350 Baccho,

1739 2413 1817 2444 nec
