2070 2740
1114 38 1153 66 P*

559 191 592 232 C
704 192 743 232 Λ
854 190 886 233 P
998 191 1040 232 V
1152 188 1190 233 Τ
1382 194 1464 236 Ἦ.
1676 211 1691 239 ι
1706 211 1749 251 13

239 315 305 354 ubi
323 312 441 353 leetio
458 313 548 353 libri
566 310 760 359 Statiani,
791 310 992 358 contefftus,
1024 311 1214 352 debuerat
1231 314 1398 354 admitti.
1461 316 1617 357 Curtius
1630 316 1748 365 VIII,

238 383 294 417 1x‚
314 381 379 418 29.
411 377 609 409 tantarum
625 370 817 410 beluarum
834 377 989 419 corpora
1007 377 1090 407 tota
1106 379 1330 422 contegunt
1346 383 1452 410 auro.
1472 373 1581 413 conf.
1605 373 1746 425 Virgil.

234 428 339 467 Aen.
364 439 442 472 vn,
471 429 566 478 278.
599 427 637 465 &
659 425 826 475 scriptor
849 424 895 463 B.
922 423 977 463 H.
1007 437 1091 476 cap.
1112 428 1177 465 26.
1237 426 1357 466 Hanc
1374 436 1505 466 tamen
1522 429 1560 467 «Sc
1576 440 1745 470 caeteras

234 494 370 522 omnes
397 482 662 534 comesturam,
694 489 785 520 ante
810 490 1067 528 memoratas,
1100 483 1215 522 verbi
1240 481 1420 523 defedffls
1441 486 1601 524 evertit.
1660 486 1746 525 Un-

234 539 283 579 de
300 540 427 585 enim,
459 538 622 589 quaesO,
651 537 803 588 pendet
819 537 1040 579 infinitivus
1056 537 1252 579 incedere?
1288 539 1568 593 Respondebit
1583 542 1743 592 aliquis,

234 607 255 634 a
270 594 355 636 vidi
369 608 407 636 v.
427 607 464 646 7.

451 697 525 738 Seu
539 698 623 740 vidi
641 697 694 739 ad
697 696 873 751 frontem
880 696 1034 752 sparsos
1052 709 1180 740 errare
1198 699 1358 752 capillos.

230 804 447 900 AucIiJrem,
478 804 551 845 nifi
573 811 728 844 vetaret
750 801 959 856 perspicue
984 801 1177 854 loquendi
1200 800 1459 844 consuetudo.
1518 802 1630 846 Nam
1652 816 1744 845 cum

230 873 301 901 ver
321 873 386 908 us,

506 966 593 1008 Hoc
609 973 727 1007 totum
743 978 760 1006 e
779 965 854 1007 Coa
870 964 969 1019 veste
985 966 1154 1006 volumen
1171 967 1267 1013 erit,

228 1081 526 1128 interponatur,
564 1086 707 1121 nemo,
744 1075 841 1113 licet
864 1084 1001 1114 omnes
1027 1073 1212 1114 adhibeat
1234 1073 1457 1121 machinas,
1496 1072 1661 1120 efficiet,
1699 1080 1744 1113 ut

224 1136 343 1180 haec,

448 1233 540 1273 Sive
555 1233 659 1274 illam
679 1232 762 1274 Cois
769 1231 984 1285 fulgentem
1001 1232 1209 1281 incedere,

223 1338 512 1393 suspendantur
542 1353 584 1386 a,
623 1338 729 1386 vidi,
767 1341 896 1379 verbo
921 1341 1039 1393 longe
1064 1347 1234 1379 remoto.
1311 1334 1446 1391 Quare
1470 1339 1640 1380 libenter
1662 1351 1742 1379 am-

221 1396 377 1450 plector
394 1396 624 1448 scripturam
635 1424 648 1443 ,
679 1407 796 1446 quam
813 1395 893 1436 duo
916 1394 1035 1448 Vosfiz·
1051 1395 1211 1436 codices
1229 1394 1407 1435 offerunt
1423 1422 1435 1442 2

442 1497 535 1538 Sive
551 1497 653 1538 illam
673 1497 766 1537 Cois
777 1496 991 1548 fulgentem
1008 1496 1174 1537 incedere
1189 1498 1296 1545 vidi,

705 1565 722 1592 e
749 1551 823 1593 Coa
847 1551 945 1606 veste
968 1554 1138 1593 volumen
1163 1555 1248 1592 erit.

217 1658 337 1699 Nihil
361 1659 429 1697 tali
452 1658 672 1697 verborum
695 1656 935 1707 repetitione
951 1654 1215 1707 frequentius.
1279 1654 1358 1696 Coa
1376 1655 1495 1703 item,
1527 1655 1565 1696 δε
1584 1653 1659 1696 Coa
1675 1667 1740 1696 ve-

209 1713 283 1769 stis
299 1714 440 1755 eodem
456 1712 626 1753 disticho
643 1711 810 1752 venuste
823 1711 1056 1765 junguntur.
1120 1711 1287 1752 Ovidius
1312 1714 1400 1753 Art.
1419 1714 1511 1755 Am.
1531 1726 1597 1760 111,
1620 1714 1710 1770 189.

440 1820 555 1860 Pulla
574 1817 700 1858 deceat
716 1819 870 1857 niveas.-
900 1815 1082 1869 Brt'se‘ida
1099 1818 1208 1869 pulla
1226 1818 1422 1859 decebant.-

497 1874 587 1914 Cum
601 1881 720 1926 rapta
737 1872 808 1927 est,
837 1873 946 1925 pulla
962 1881 1041 1914 tum
1057 1885 1195 1927 quoque
1210 1874 1318 1914 veste
1327 1872 1430 1925 fuit.

215 1969 256 2010 2&
273 1982 320 2018 11,
341 1980 433 2019 279.

439 2053 530 2095 Sive
549 2053 623 2095 erit
640 2053 679 2098 iu
695 2051 850 2103 Tyriis3
880 2051 1027 2103 Tyrios
1044 2051 1217 2094 laudabis
1231 2050 1410 2094 amsttus.

217 2149 254 2190 &
271 2148 372 2190 Fast.
392 2159 451 2195 1V,
471 2150 564 2196 619.

441 2251 546 2346 Algzz
566 2247 693 2313 decent
712 2250 904 2292 Cererem:
932 2251 1062 2294 vestes
1082 2248 1297 2292 Cerealibus
1312 2251 1419 2291 albas

523 2313 645 2347 mnne.

961 2405 997 2446 P
1625 2398 1734 2441 Nam
