2070 2740
333 149 417 188 240
563 120 1675 175 EMENDATIONVM

335 265 423 293 iius,
460 249 584 291 Nicol.
605 250 899 294 Dammcenus,
931 243 1110 293 Tzetzes,
1143 246 1182 286 δε
1200 245 1449 299 Apollodorus
1468 247 1662 298 Lycaonis
1680 245 1782 288 filios
1799 248 1847 288 ab

337 308 436 360 Jove
459 307 626 347 fulmine
651 302 850 359 percussos
871 301 947 343 effe
972 303 1149 343 tradunt:
1184 305 1221 342 in
1243 305 1300 342 his
1326 313 1457 344 autem
1473 304 1632 343 Μακεδυδς
1656 304 1706 344 ab
1730 302 1849 358 Apol-

337 363 459 406 lodoro
481 364 554 411 111,
576 375 699 404 v111.
725 374 756 401 1.
789 368 1036 400 numeratur:
1066 360 1130 399 hie
1149 361 1264 412 igitur
1282 359 1338 400 est

562 457 723 503 Macedo
741 457 887 510 rapidis
903 457 996 497 {etus
1012 469 1089 497 cum
1106 458 1255 511 conjuge
1264 456 1450 511 flammis:
1471 456 1473 458 ’

340 558 486 596 etenim
515 561 672 598 Μακεδνδς
695 553 802 593 idem
820 561 978 604 putatur
993 550 1093 598 effe,
1134 553 1201 603 qui
1226 558 1389 594 Μακεδὼ.
1416 566 1455 594 ν.
1481 553 1640 595 Salmas.
1666 556 1705 594 in
1731 553 1850 595 Com-

340 611 460 652 ment.
481 611 530 651 de
555 611 715 650 Hellen.
741 623 778 662 p.
806 620 899 659 279.
928 609 994 658 qui
1019 607 1266 648 contrafflmm
1290 609 1423 649 statuit
1447 622 1495 650 ex
1511 620 1713 659 Maza-‘ov&.
1746 610 1848 656 Sed,

340 669 471 707 utalia
490 679 595 707 nunc
615 668 815 712 omittam,
845 665 963 716 poeta
984 663 1112 704 fatum
1136 663 1206 704 filii
1232 665 1298 703 vel
1323 663 1496 707 filiorum
1514 667 1712 718 Lycaonis
1728 668 1848 708 Arca-

341 724 399 764 dis
425 722 683 764 antecedente
697 723 773 773 jam
793 720 961 761 disticho
981 729 1294 761 memoraverat:

569 816 625 858 Ut
633 815 747 870 ferus
765 814 956 864 Aeolides,
986 789 1218 869 utfanguim}
1234 823 1356 859 cretus
1370 813 1506 864 eodem,

623 873 710 931 Qaeo
725 874 853 926 genita
875 871 947 926 est,
966 872 1117 927 liquidis
1132 884 1224 926 quae
1242 879 1345 912 caret
1363 871 1505 913 Areios
1521 874 1636 926 aquis.

343 985 430 1023 aut,
460 983 504 1015 ut
523 972 753 1026 Salvagnius
771 984 819 1013 ex
835 985 915 1014 uno
933 974 1058 1020 libro,

567 1086 657 1094 -.-—
674 1085 763 1093 ———

917 1086 1005 1092 ———
1033 1064 1113 1104 nati
1127 1062 1311 1116 sanguine
1328 1061 1457 1104 eodem.

345 1159 456 1213 Quid
482 1159 631 1198 multa?
669 1157 889 1195 tollendum
920 1156 1081 1194 videtur
1107 1154 1302 1193 distichon
1328 1166 1348 1192 a
1376 1162 1565 1207 nugatore
1588 1152 1745 1202 fletum,
1784 1158 1852 1206 qui

344 1215 500 1255 videret
523 1214 723 1265 superiore
748 1211 907 1252 fratrem
927 1238 938 1257 ‚
978 1212 1045 1250 vel
1070 1210 1207 1250 fratres
1234 1208 1412 1249 Callistus
1435 1208 1603 1250 fulmine
1625 1211 1851 1262 percussos,

344 1271 382 1311 &
399 1273 514 1311 sciret
531 1271 569 1309 in
587 1270 644 1309 his
662 1281 681 1307 a
698 1269 898 1308 nonnullis
916 1265 1151 1308 Macedonem
1170 1267 1378 1306 numerari.
1457 1275 1462 1279 ’

401 1327 460 1368 Ea
477 1326 634 1378 quidem
660 1324 906 1364 consuetudo
923 1323 1229 1364 vers1ficatorum
1247 1321 1327 1362 fuit
1344 1323 1383 1361 in
1401 1322 1460 1362 his
1479 1321 1704 1375 praesertim
1725 1322 1852 1372 Diris,

346 1392 391 1423 ut
407 1384 596 1435 exemplis
608 1410 619 1429 ,
631 1383 678 1421 ab
693 1379 834 1421 Ovidio
851 1381 979 1420 relatis
992 1407 1003 1426 ‚
1015 1380 1088 1419 alia
1103 1377 1269 1418 subinde
1286 1378 1564 1430 intempestive
1578 1379 1853 1429 subtexerent,

344 1441 459 1480 velut
476 1452 575 1490 401,
596 1449 692 1487 402.
717 1447 960 1488 431-434.
986 1446 1086 1486 499,
1106 1447 1199 1486 500.
1232 1438 1328 1486 637,
1346 1437 1442 1485 638.
1462 1446 1556 1487 353.

569 1527 631 1570 Da*
657 1539 792 1581 quoque
809 1535 885 1568 tam
894 1525 1050 1580 faciant
1061 1525 1166 1581 poffis
1177 1525 1339 1579 gaudere
1348 1525 1457 1579 fideli

630 1585 810 1638 Conjuge,
841 1596 950 1635 quam
973 1583 1104 1626 Talai,
1143 1581 1400 1633 Tyndareique
1413 1594 1537 1631 gener.

571 1641 809 1694 [Quaeque‚
840 1650 973 1691 parare
990 1638 1012 1677 s
1009 1639 1065 1677 uis
1083 1639 1206 1676 letum
1223 1638 1466 1688 patruelibus
1483 1637 1616 1687 ausae,

630 1696 787 1736 Belides
801 1722 813 1741 ‚
847 1692 1004 1735 adfidufi
1021 1695 1122 1734 colla
1139 1701 1374 1744 premuntur
1391 1692 1526 1747 aqua]

389 1769 399 1797 1
439 1784 447 1794 .

352 1769 378 1807 4
412 1767 434 1807 S
574 1809 713 1867 (Qualis
732 1805 1020 1847 Achaemenides
1037 1803 1164 1846 Sicula
1182 1805 1345 1859 desertus
1360 1807 1398 1846 in
1415 1804 1567 1854 Aetnd,

637 1865 771 1905 Troica
791 1876 868 1903 cum
884 1862 984 1903 vidit
1000 1863 1085 1902 vela
1099 1863 1250 1908 venire,
1275 1860 1375 1914 fuit.

577 1922 738 1975 [Qualis
763 1930 847 1959 erat
865 1931 938 1958 nec
955 1931 1034 1958 non
1052 1918 1214 1958 fortuna
1230 1919 1444 1958 binominis
1470 1918 1542 1966 iri,

635 1978 796 2031 Quique
817 1984 953 2014 tenent
970 1983 1156 2027 pontem,
1188 1986 1286 2025 quae
1305 1975 1376 2014 tibi
1392 1975 1504 2028 pejor
1522 1973 1629 2026 erit.]

358 2047 449 2088 505.

582 2090 690 2142 Isque
708 2089 768 2128 vel
785 2089 961 2128 exanimis
971 2084 1103 2139 faciat
1121 2088 1193 2127 tibi
1209 2087 1366 2127 vulnus:
1404 2095 1446 2128 ut
1462 2085 1539 2134 illi,

639 2146 723 2184 Ora
735 2141 923 2197 sapei-fixi
951 2156 1053 2196 quem
1072 2143 1230 2184 cecidere
1240 2143 1331 2194 [αἱς.

579 2202 695 2255 [Sive
714 2201 814 2240 idem
835 2201 944 2240 simili
963 2202 1078 2252 pinus
1097 2213 1215 2251 quem
1232 2210 1360 2240 morte
1384 2201 1554 2252 peregit:

634 2258 765 2309 Phryx
784 2258 820 2297 ἃ
841 2266 1004 2298 venator
1021 2258 1067 2297 sis
1084 2254 1422 2309 Berecyntiades]

1741 2324 1857 2379 EJus-
