2070 2740
331 166 408 216 148
522 157 1644 211 EMENDATIONVM

606 274 770 316 Altilius
794 272 896 317 dom
909 273 1054 328 pefftore
1071 284 1229 316 carmen
1243 274 1347 316 hiet:

331 388 576 435 iterumque:

603 487 765 541 Incipiet
775 487 891 542 postte
908 499 1069 529 carmen
1082 489 1191 530 hiare
1207 501 1304 531 mero
1315 503 1336 531 ὲ

330 609 430 650 quae
453 609 577 650 prava
599 597 862 638 aemulatione
886 597 935 637 ad
959 595 1255 650 Propertianam
1269 598 1426 650 phrasin
1444 598 1651 639 efformata
1666 596 1774 638 haud
1788 597 1847 638 fii·

333 657 381 694 tis
410 655 552 693 Latine
577 653 676 701 dici,
716 655 871 707 egregie
893 653 1142 706 Broekhtqsizcs
1165 655 1462 695 animadvertit:
1490 662 1658 708 ‘poterat
1682 655 1844 707 quidem

331 710 472 752 Ac'tius
487 712 644 752 alterius
662 711 780 750 etiam
795 711 875 750 loci
891 711 1087 764 praesidio
1103 711 1142 753 se
1158 713 1261 752 tueri
1278 711 1353 758 111,
1376 724 1389 750 1
1404 724 1440 757 1,
1457 723 1497 762 4.

610 806 786 848 Tantum
802 808 934 863 operis
952 807 1083 866 nervis
1097 806 1248 848 hiscere
1259 803 1357 861 poffe
1373 806 1482 847 meis:

334 905 402 947 fed
425 908 494 947 vix
517 905 652 946 induci
675 906 829 959 possum
847 934 858 954 ‚
896 916 942 947 ut
965 907 1122 947 credam
1140 934 1152 954 ‚
1197 907 1299 947 hanc
1322 906 1578 959 scriptionem
1602 917 1623 944 a
1647 903 1850 960 Propertio

335 961 451 1003 fuisse
466 961 708 1016 profectam:
739 963 883 1004 dixerit
899 964 1058 1014 aliquis,
1092 964 1268 1004 Graecos
1286 965 1482 1003 imitatum
1499 963 1648 1009 videri,
1679 975 1851 1013 quorum

335 1027 500 1072 χανδάνῃ,
524 1032 597 1072 pro
623 1036 746 1074 χωρῇ,
775 1031 944 1073 capere,
983 1018 1196 1072 complecti
1227 1021 1469 1072 accipiatur:
1506 1031 1646 1059 verum
1677 1020 1733 1058 illi
1766 1029 1851 1060 turn

337 1077 526 1116 duntaxat
542 1076 752 1129 usurpant,
770 1078 798 1118 si
815 1077 909 1128 quid
925 1089 1066 1130 magno
1084 1089 1128 1116 ac
1144 1085 1305 1128 patente
1321 1077 1432 1116 hiatu
1449 1075 1735 1117 circumdatum
1753 1088 1850 1117 con-

338 1134 528 1173 tincatur:
559 1134 747 1184 quocirca
763 1133 975 1186 legendum
993 1133 1184 1178 arbitror,

617 1233 791 1273 Tantum
808 1233 938 1285 operis
956 1233 1086 1273 nervis
1103 1231 1235 1273 dicere
1247 1229 1343 1286 poffe
1361 1233 1469 1273 meis:

337 1350 436 1381 nam
455 1336 575 1378 dicere
597 1336 748 1390 saepius
772 1335 820 1376 ad
842 1337 980 1389 poetas
1003 1338 1163 1390 propria
1185 1338 1336 1378 virtute
1357 1338 1553 1389 pertinet:
1586 1334 1782 1377 R.Bent1.
1804 1335 1853 1377 ad

339 1395 488 1437 Horat.
512 1407 544 1434 1.
565 1393 643 1434 Od.
661 1406 708 1433 vr
726 1406 760 1439 1,
776 1405 816 1442 9.
847 1405 978 1444 neque
995 1394 1072 1442 est,
1100 1404 1146 1434 ut
1161 1395 1248 1445 quis
1265 1396 1305 1434 in
1321 1405 1425 1434 voce
1441 1403 1521 1435 tam
1538 1394 1718 1448 cognita,
1756 1403 1853 1434 tam-

341 1465 420 1506 que
442 1451 675 1504 pervulgata
698 1451 842 1489 vitium
867 1449 1075 1491 adhaesisse
1098 1451 1284 1499 miretur3
1314 1452 1469 1491 moveri
1492 1460 1650 1503 poterat
1666 1450 1731 1490 hic
1750 1449 1855 1491 scru-

340 1509 480 1562 pulus,
511 1508 539 1549 fi
562 1508 681 1547 nullis
703 1507 894 1548 similibus
920 1509 1108 1559 exemplis
1132 1506 1374 1549 testatissima
1396 1506 1505 1548 foret
1528 1507 1779 1548 librariorum
1794 1507 1857 1548 in-

342 1566 470 1608 scitia«

408 1668 587 1709 111‚35.

566 1759 693 1804 ,Haud
707 1760 803 1801 ullas
814 1761 986 1814 portabis·
1003 1770 1089 1816 opes.
1098 1759 1327 1803 Acherontis
1343 1759 1396 1802 ad
1409 1759 1529 1801 undas
1543 1775 1562 1802 :-

621 1816 762 1859 Nudus
778 1819 827 1858 ad
844 1818 1040 1866 infernas,
1060 1816 1200 1873 stulte,
1232 1819 1380 1859 vehere
1394 1825 1510 1859 rates.

347 1906 546 1960 Scaliger:
571 1932 600 1953 ‚‚
617 1907 760 1946 melior
783 1907 872 1945 libri
889 1905 1012 1945 nostri
1029 1904 1167 1945 lectio:

629 1991 770 2036 Nudus
785 1994 833 2037 ab
851 1991 1028 2045 inferna²
1048 1991 1188 2048 stulte,
1213 1993 1347 2035 vehere
1361 2002 1455 2037 rate.
1467 2021 1497 2043 2,

349 2084 480 2127 humo
495 2093 593 2123 vcro
611 2084 752 2123 melior
769 2080 995 2133 conJeetura
1010 2081 1161 2123 nostra:

628 2166 770 2211 Nudus
785 2178 824 2209 at
840 2168 1017 2217 inferna,
1038 2168 1177 2224 stulte,
1202 2169 1336 2212 vehere
1358 2178 1453 2211 rate.

354 2271 458 2326 Quis
472 2272 579 2312 enim
594 2271 724 2313 bonus
739 2272 966 2316 Latinitatis
983 2271 1121 2315 auctor
1140 2273 1261 2322 dixit,
1300 2286 1324 2314 α
1341 2286 1440 2315 nave
1454 2273 1570 2316 vehi?

1736 2387 1867 2417 v.21.
