2070 2740
296 193 439 234 xmv
610 166 1653 229 PRAEFATIO.

308 344 530 376 numerus
566 327 613 374 in
651 325 751 375 dies
786 325 936 393 magis
973 324 1222 392 magisque
1257 323 1501 374 decrescit.
1581 325 1659 375 Sic
1692 324 1807 375 olim

308 396 643 464 proferebatur
667 413 726 445 ex
749 394 948 444 Horatio
975 395 1069 444 Sat.
1091 393 1153 457 ΙΙ,
1187 411 1241 443 11
1258 411 1300 457 1,
1335 409 1446 458 191.

448 483 542 564 Di')
563 514 647 563 tibi
676 513 779 563 dent
805 524 935 579 capta
960 512 1144 562 classem
1167 511 1376 562 reducere
1407 510 1571 577 Troja.

309 646 435 676 nunc
474 626 737 690 Bentlcjus,
779 626 1013 673 rationem
1046 624 1232 674 secutus
1246 663 1263 688 2
1291 623 1340 674 &
1365 622 1703 675 auE'toritatem
1726 641 1812 676 co-

309 699 494 759 dicum,
541 696 699 758 dedit>
737 693 957 742 deducere.

387 810 584 859 Incaute
618 810 761 876 igitur
794 820 944 874 agunt
968 805 1292 872 Interpretes‚
1333 806 1412 872 qui
1439 807 1555 856 tales
1580 807 1810 874 ineptias,

310 880 455 930 veluti
482 896 694 946 gemmas
720 879 919 944 legunt,
946 879 1117 943 poetas
1151 874 1330 941 scilieet
1355 874 1461 924 suos
1486 876 1538 924 iis
1574 874 1809 926 ornaturi!

312 967 385 999 ex.
414 967 484 1016 gr.
508 947 747 997 Alaronem
776 953 900 996 Aen.
926 961 964 1009 1,
992 945 1109 1008 644.

829 1065 1033 1133 rapidum
1058 1065 1121 1115 ad
1139 1083 1287 1116 naves·
1304 1069 1499 1116 remittit
1513 1063 1743 1115 Achaten.

320 1187 608 1238 Claudianum
632 1188 681 1237 in
710 1187 847 1237 Prob.
876 1186 926 1239 &
951 1187 1030 1238 Ol.
1061 1185 1212 1238 Cons.
1241 1188 1354 1238 260.

459 1305 622 1370 Liris,
661 1303 715 1357 &³
741 1303 952 1353 Oebaliae
972 1309 1048 1370 qui
1070 1317 1256 1371 reparat
1280 1321 1394 1353 arva
1421 1302 1658 1369 Galaesus.

241 1471 246 1475 .
315 1429 365 1480 ὅτ
403 1426 637 1477 Lucanum
673 1442 787 1489 111,
817 1441 836 1474 1
855 1442 930 1487 13.

457 1544 656 1597 Viribus
679 1562 735 1593 an
748 1543 936 1610 possent
970 1541 1170 1610 resistere
1183 1542 1300 1608 jura
1321 1572 1444 1582 -—--

316 1662 585 1723 lucentius,
625 1660 705 1728 qui
741 1660 879 1708 nullis
904 1659 951 1707 in
972 1658 1100 1708 libris
1125 1671 1336 1727 repertas
1361 1658 1617 1726 ingeruntj,
1655 1673 1715 1710 ex
1739 1674 1811 1727 gr.

318 1731 490 1797 Ncybmf
515 1730 712 1779 Metam.
737 1746 793 1779 XI
809 1746 828 1778 1
844 1746 890 1794 ι,
924 1742 1037 1794 273.

455 1848 678 1898 Rettudit
699 1881 819 1889 --

320 1959 563 2028 Propertio
586 1960 650 2025 II,
684 1975 784 2024 xlx,
812 1974 892 2023 41,

459 2065 604 2116 Miles
626 2064 829 2132 depqfitis
851 2065 1031 2130 annqfics
1053 2064 1252 2116 recubat
1277 2069 1439 2117 armis.·

325 2176 371 2228 &
400 2174 587 2225 Senecae
610 2175 675 2226 H.
702 2175 756 2225 F.
787 2189 864 2240 37.

465 2291 657 2360 Quafil
675 2291 894 2357 relucens,
937 2306 1120 2360 quaque
1154 2304 1396 2360 repponcm
1423 2289 1551 2342 diem.

1725 2385 1819 2437 Se'd
